<?xml version="1.0" encoding="UTF-8" standalone="yes"?>
<PcGts xmlns="http://schema.primaresearch.org/PAGE/gts/pagecontent/2013-07-15" xmlns:xsi="http://www.w3.org/2001/XMLSchema-instance" xsi:schemaLocation="http://schema.primaresearch.org/PAGE/gts/pagecontent/2013-07-15 http://schema.primaresearch.org/PAGE/gts/pagecontent/2013-07-15/pagecontent.xsd">
    <Metadata>
        <Creator>prov=READ-COOP:name=TrHtr:version=2.1.0:model_id=51170:date=15_08_2023_00:16</Creator>
        <Created>2023-05-10T14:45:58.873+02:00</Created>
        <LastChange>2023-08-15T00:16:07.805+02:00</LastChange>
        <TranskribusMetadata docId="1428675" pageId="55424966" pageNr="14" tsid="132831853" status="IN_PROGRESS" userId="64420" imgUrl="https://files.transkribus.eu/Get?id=CLMSOECRJJZORHHUCZYWJTHJ&amp;fileType=view" xmlUrl="https://files.transkribus.eu/Get?id=PQAOLRCNSARPSBWXPPJWLUAP" imageId="44699043"/>
    </Metadata>
    <Page imageFilename="1428675_0014.jpg" imageWidth="6792" imageHeight="4408">
        <ReadingOrder>
            <OrderedGroup id="ro_1711812630718" caption="Regions reading order">
                <RegionRefIndexed index="0" regionRef="tr_1"/>
                <RegionRefIndexed index="1" regionRef="tr_2"/>
            </OrderedGroup>
        </ReadingOrder>
        <TextRegion id="tr_1" custom="readingOrder {index:0;}">
            <Coords points="352,362 3141,362 3141,3976 352,3976"/>
            <TextLine id="tr_1_tl_1" custom="readingOrder {index:0;}">
                <Coords points="755,448 806,444 835,463 907,441 987,455 987,311 893,332 755,322"/>
                <Baseline points="776,412 866,412 955,412 991,412"/>
                <TextEquiv>
                    <Unicode>a c,</Unicode>
                </TextEquiv>
            </TextLine>
            <TextLine id="tr_1_tl_2" custom="readingOrder {index:1;}">
                <Coords points="1973,499 2049,495 2074,520 2092,502 2114,520 2186,510 2237,459 2291,455 2374,506 2439,470 2486,484 2486,416 2428,401 2277,416 2251,401 2136,426 2020,398 1973,419"/>
                <Baseline points="1994,465 2048,465 2138,465 2227,465 2317,459 2407,459 2496,459"/>
                <TextEquiv>
                    <Unicode>Uur un</Unicode>
                </TextEquiv>
            </TextLine>
            <TextLine id="tr_1_tl_3" custom="readingOrder {index:2;}">
                <Coords points="332,679 2038,585 2298,658 3032,546 3039,387 1872,553 1449,477 781,535 614,441 340,535"/>
                <Baseline points="352,639 441,639 531,627 621,627 710,621 800,621 889,615 979,609 1069,603 1158,603 1248,597 1337,591 1427,585 1517,579 1606,585 1696,585 1785,585 1875,579 1965,579 2054,573 2144,567 2233,561 2323,561 2413,561 2502,561 2592,555 2681,549 2771,543 2861,543 2950,531 3040,519"/>
                <TextEquiv>
                    <Unicode>Decke abo di Kune..... So gnto 98</Unicode>
                </TextEquiv>
            </TextLine>
            <TextLine id="tr_1_tl_4" custom="readingOrder {index:3;}">
                <Coords points="1062,726 1081,730 1113,712 1164,726 1203,716 1236,690 1279,694 1279,643 1261,643 1247,629 1185,650 1135,614 1102,640 1066,636"/>
                <Baseline points="1081,698 1110,698 1200,692 1290,692"/>
                <TextEquiv>
                    <Unicode>in</Unicode>
                </TextEquiv>
            </TextLine>
            <TextLine id="tr_1_tl_5" custom="readingOrder {index:4;}">
                <Coords points="340,795 1131,875 1717,806 1919,900 2114,773 2833,849 2992,799 2992,701 1753,636 1044,752 802,640 340,737"/>
                <Baseline points="358,782 400,782 489,788 579,788 668,794 758,794 848,782 937,788 1027,794 1116,794 1206,794 1296,794 1385,788 1475,788 1564,788 1654,788 1744,776 1833,776 1923,770 2012,770 2102,764 2192,770 2281,764 2371,764 2460,764 2550,764 2640,770 2729,770 2819,776 2908,776 2998,770"/>
                <TextEquiv>
                    <Unicode>ué ab. ; arbei, ou Eleif à de terelon</Unicode>
                </TextEquiv>
            </TextLine>
            <TextLine id="tr_1_tl_6" custom="readingOrder {index:5;}">
                <Coords points="351,1015 1583,997 1792,1095 2367,976 2949,1059 3021,875 2035,936 1724,853 1467,972 947,864 351,922"/>
                <Baseline points="370,991 430,991 519,991 609,997 698,997 788,997 878,997 967,991 1057,991 1146,997 1236,991 1325,997 1415,997 1505,997 1594,991 1684,991 1773,985 1863,979 1953,979 2042,979 2132,973 2221,973 2311,973 2401,973 2490,967 2580,967 2669,973 2759,979 2849,979 2938,979 3028,985"/>
                <TextEquiv>
                    <Unicode>pische deren in bed eingehängt, da</Unicode>
                </TextEquiv>
            </TextLine>
            <TextLine id="tr_1_tl_7" custom="readingOrder {index:6;}">
                <Coords points="408,1240 1109,1160 2916,1265 2916,1102 2638,1023 1532,1135 408,1066"/>
                <Baseline points="430,1188 507,1188 597,1188 686,1188 776,1182 866,1176 955,1164 1045,1158 1134,1158 1224,1170 1314,1176 1403,1176 1493,1170 1582,1170 1672,1176 1762,1176 1851,1176 1941,1170 2030,1170 2120,1170 2209,1176 2299,1176 2389,1176 2478,1170 2568,1164 2657,1158 2747,1164 2837,1170 2926,1176"/>
                <TextEquiv>
                    <Unicode>Theile Ribondek majeil... übrig</Unicode>
                </TextEquiv>
            </TextLine>
            <TextLine id="tr_1_tl_8" custom="readingOrder {index:7;}">
                <Coords points="636,1272 755,1301 878,1265 925,1290 1001,1272 1120,1315 1156,1276 1196,1276 1193,1200 1127,1174 1070,1178 1001,1221 896,1182 846,1221 802,1203 766,1225 730,1196 636,1225"/>
                <Baseline points="657,1248 746,1254 836,1254 925,1260 1015,1266 1104,1272 1194,1260 1206,1260"/>
                <TextEquiv>
                    <Unicode>1 abmal</Unicode>
                </TextEquiv>
            </TextLine>
            <TextLine id="tr_1_tl_9" custom="readingOrder {index:8;}">
                <Coords points="1442,1294 1474,1297 1503,1265 1539,1290 1623,1283 1680,1319 1724,1290 1810,1305 1865,1290 1861,1232 1800,1258 1724,1211 1691,1232 1619,1240 1586,1211 1507,1189 1485,1207 1464,1193 1435,1200"/>
                <Baseline points="1457,1260 1546,1272 1636,1278 1726,1278 1815,1284 1875,1284"/>
                <TextEquiv>
                    <Unicode>kisten</Unicode>
                </TextEquiv>
            </TextLine>
            <TextLine id="tr_1_tl_10" custom="readingOrder {index:9;}">
                <Coords points="387,1489 499,1525 669,1406 842,1496 1117,1409 1366,1464 1698,1370 2855,1453 2880,1276 390,1326"/>
                <Baseline points="406,1409 465,1397 555,1397 645,1397 734,1403 824,1409 913,1409 1003,1409 1093,1403 1182,1403 1272,1397 1361,1397 1451,1397 1541,1373 1630,1367 1720,1367 1809,1367 1899,1373 1988,1373 2078,1367 2168,1367 2257,1373 2347,1361 2436,1361 2526,1361 2616,1367 2705,1367 2795,1379 2884,1385"/>
                <TextEquiv>
                    <Unicode>le liftel de Hul, en met</Unicode>
                </TextEquiv>
            </TextLine>
            <TextLine id="tr_1_tl_11" custom="readingOrder {index:10;}">
                <Coords points="1594,1460 1995,1521 2078,1467 2175,1500 2226,1474 2353,1532 2493,1496 2627,1536 2739,1492 2739,1427 2475,1370 2403,1402 2331,1366 2197,1427 2110,1395 1879,1435 1713,1391 1594,1435"/>
                <Baseline points="1612,1457 1702,1463 1791,1463 1881,1457 1971,1463 2060,1463 2150,1463 2239,1463 2329,1463 2419,1463 2508,1469 2598,1469 2687,1475 2747,1481"/>
                <TextEquiv>
                    <Unicode>nost paa Repitte</Unicode>
                </TextEquiv>
            </TextLine>
            <TextLine id="tr_1_tl_12" custom="readingOrder {index:11;}">
                <Coords points="455,1677 1265,1597 2855,1659 2913,1536 1912,1482 455,1576"/>
                <Baseline points="477,1624 495,1624 585,1624 674,1618 764,1618 854,1618 943,1612 1033,1606 1122,1606 1212,1600 1302,1594 1391,1588 1481,1588 1570,1594 1660,1600 1750,1594 1839,1594 1929,1594 2018,1594 2108,1600 2198,1594 2287,1588 2377,1588 2466,1588 2556,1594 2645,1600 2735,1606 2825,1612 2914,1618"/>
                <TextEquiv>
                    <Unicode>sibestelle (tu auszulich) grandyse</Unicode>
                </TextEquiv>
            </TextLine>
            <TextLine id="tr_1_tl_13" custom="readingOrder {index:12;}">
                <Coords points="701,1727 777,1691 1012,1695 1084,1735 1196,1680 1514,1698 1594,1688 1597,1615 1420,1597 1380,1637 1312,1608 1127,1648 1019,1619 795,1659 705,1637"/>
                <Baseline points="722,1684 800,1684 889,1690 979,1684 1069,1684 1158,1684 1248,1678 1337,1678 1427,1678 1517,1678 1606,1666"/>
                <TextEquiv>
                    <Unicode>me Mr Kiles.</Unicode>
                </TextEquiv>
            </TextLine>
            <TextLine id="tr_1_tl_14" custom="readingOrder {index:13;}">
                <Coords points="1605,1771 1756,1785 1937,1724 2132,1764 2385,1724 2873,1745 2905,1648 2678,1684 2584,1637 2450,1688 2324,1626 2212,1680 2139,1633 1760,1633 1605,1702"/>
                <Baseline points="1624,1726 1660,1720 1750,1720 1839,1720 1929,1720 2018,1720 2108,1726 2198,1732 2287,1720 2377,1720 2466,1726 2556,1726 2645,1726 2735,1726 2825,1726 2914,1720"/>
                <TextEquiv>
                    <Unicode>dis kein. Can so to be</Unicode>
                </TextEquiv>
            </TextLine>
            <TextLine id="tr_1_tl_15" custom="readingOrder {index:14;}">
                <Coords points="1648,1843 2049,1843 2208,1868 2259,1915 2396,1836 2638,1847 2678,1832 2681,1771 2248,1720 2143,1764 2089,1735 1984,1760 1941,1724 1709,1785 1651,1742"/>
                <Baseline points="1668,1843 1702,1839 1791,1827 1881,1827 1971,1827 2060,1827 2150,1827 2239,1815 2329,1809 2419,1809 2508,1803 2598,1809 2687,1815"/>
                <TextEquiv>
                    <Unicode>wchle lebhaft i</Unicode>
                </TextEquiv>
            </TextLine>
            <TextLine id="tr_1_tl_16" custom="readingOrder {index:15;}">
                <Coords points="444,1857 755,1908 979,1836 1117,1868 1395,1843 1511,1883 1511,1745 1453,1731 1305,1731 1160,1796 788,1698 665,1782 582,1735 531,1778 444,1764"/>
                <Baseline points="465,1815 555,1821 645,1827 734,1833 824,1827 913,1827 1003,1833 1093,1839 1182,1833 1272,1833 1361,1833 1451,1833 1521,1835"/>
                <TextEquiv>
                    <Unicode>die Thistik.</Unicode>
                </TextEquiv>
            </TextLine>
            <TextLine id="tr_1_tl_17" custom="readingOrder {index:16;}">
                <Coords points="1500,1836 1565,1829 1579,1832 1590,1843 1608,1836 1659,1839 1655,1774 1637,1774 1626,1767 1597,1771 1568,1800 1554,1796 1536,1807 1525,1807 1514,1796 1496,1796"/>
                <Baseline points="1521,1835 1612,1821 1668,1843"/>
                <TextEquiv>
                    <Unicode>u.</Unicode>
                </TextEquiv>
            </TextLine>
            <TextLine id="tr_1_tl_18" custom="readingOrder {index:17;}">
                <Coords points="1507,1908 1547,1901 1561,1886 1576,1886 1601,1904 1619,1901 1637,1879 1662,1876 1659,1836 1608,1839 1597,1832 1590,1843 1539,1814 1514,1789 1496,1792"/>
                <Baseline points="1521,1835 1606,1869 1668,1843"/>
                <TextEquiv>
                    <Unicode>your</Unicode>
                </TextEquiv>
            </TextLine>
            <TextLine id="tr_1_tl_19" custom="readingOrder {index:18;}">
                <Coords points="856,1980 2035,1926 2573,1984 2804,1951 2808,1836 1608,1908 1203,1843 1059,1930 856,1872"/>
                <Baseline points="878,1935 931,1941 1021,1953 1110,1953 1200,1947 1290,1941 1379,1941 1469,1941 1558,1935 1648,1929 1738,1923 1827,1917 1917,1923 2006,1923 2096,1917 2186,1917 2275,1923 2365,1923 2454,1923 2544,1923 2634,1923 2723,1923 2813,1917"/>
                <TextEquiv>
                    <Unicode>in the libreft even</Unicode>
                </TextEquiv>
            </TextLine>
            <TextLine id="tr_1_tl_20" custom="readingOrder {index:19;}">
                <Coords points="441,2085 2671,2038 2913,2125 3003,2110 3003,1933 441,1966"/>
                <Baseline points="459,2030 549,2030 639,2030 728,2030 818,2024 907,2024 997,2030 1087,2036 1176,2036 1266,2030 1355,2030 1445,2030 1535,2030 1624,2024 1714,2018 1803,2018 1893,2018 1983,2024 2072,2024 2162,2024 2251,2030 2341,2030 2430,2036 2520,2036 2610,2036 2699,2036 2789,2030 2878,2030 2968,2036 3010,2036"/>
                <TextEquiv>
                    <Unicode>de Heer... hilly et cet cin.. Cet</Unicode>
                </TextEquiv>
            </TextLine>
            <TextLine id="tr_1_tl_21" custom="readingOrder {index:20;}">
                <Coords points="434,2277 936,2324 1124,2237 1941,2291 2421,2212 2877,2291 2880,2143 2472,2071 2280,2168 437,2143"/>
                <Baseline points="453,2239 465,2239 555,2233 645,2233 734,2233 824,2233 913,2233 1003,2233 1093,2233 1182,2233 1272,2233 1361,2233 1451,2233 1541,2233 1630,2221 1720,2227 1809,2227 1899,2227 1988,2221 2078,2215 2168,2215 2257,2215 2347,2209 2436,2204 2526,2204 2616,2209 2705,2209 2795,2209 2884,2215"/>
                <TextEquiv>
                    <Unicode>de Morgen ou bei der Brücke</Unicode>
                </TextEquiv>
            </TextLine>
            <TextLine id="tr_1_tl_22" custom="readingOrder {index:21;}">
                <Coords points="434,2428 1124,2512 2349,2400 2497,2493 2811,2497 2815,2327 2006,2262 1724,2363 1041,2400 828,2295 622,2378 434,2313"/>
                <Baseline points="453,2424 495,2424 585,2430 674,2430 764,2430 854,2430 943,2424 1033,2430 1122,2436 1212,2436 1302,2436 1391,2436 1481,2430 1570,2430 1660,2424 1750,2424 1839,2424 1929,2419 2018,2413 2108,2413 2198,2407 2287,2401 2377,2395 2466,2395 2556,2401 2645,2401 2735,2407 2825,2419"/>
                <TextEquiv>
                    <Unicode>übrig, werde sich hille Monde.</Unicode>
                </TextEquiv>
            </TextLine>
            <TextLine id="tr_1_tl_23" custom="readingOrder {index:22;}">
                <Coords points="484,2721 2895,2681 2898,2544 2739,2508 1106,2580 918,2439 491,2544"/>
                <Baseline points="507,2663 573,2651 662,2657 752,2669 842,2675 931,2681 1021,2681 1110,2681 1200,2681 1290,2681 1379,2675 1469,2669 1558,2669 1648,2663 1738,2663 1827,2657 1917,2657 2006,2657 2096,2645 2186,2640 2275,2634 2365,2628 2454,2628 2544,2622 2634,2622 2723,2622 2813,2628 2902,2634"/>
                <TextEquiv>
                    <Unicode>I lwint not cont</Unicode>
                </TextEquiv>
            </TextLine>
            <TextLine id="tr_1_tl_24" custom="readingOrder {index:23;}">
                <Coords points="491,2902 2128,2898 2606,2779 2230,2746 1977,2815 1767,2736 1590,2804 1377,2750 940,2844 495,2815"/>
                <Baseline points="513,2861 549,2861 639,2866 728,2872 818,2872 907,2878 997,2878 1087,2878 1176,2872 1266,2866 1355,2866 1445,2861 1535,2849 1624,2849 1714,2849 1803,2849 1893,2843 1983,2843 2072,2837 2162,2831 2251,2831 2341,2831 2430,2825 2520,2819 2610,2813"/>
                <TextEquiv>
                    <Unicode>in und compt de diei zu....-</Unicode>
                </TextEquiv>
            </TextLine>
            <TextLine id="tr_1_tl_25" custom="readingOrder {index:24;}">
                <Coords points="1286,3003 1366,2960 1572,2985 1691,2952 1717,2978 1879,2985 1879,2855 1800,2891 1586,2862 1554,2891 1492,2877 1420,2920 1286,2887"/>
                <Baseline points="1308,2962 1349,2950 1439,2950 1529,2956 1618,2950 1708,2950 1797,2950 1887,2956"/>
                <TextEquiv>
                    <Unicode>in de beluti</Unicode>
                </TextEquiv>
            </TextLine>
            <TextLine id="tr_1_tl_26" custom="readingOrder {index:25;}">
                <Coords points="524,3151 701,3061 893,3173 1066,3064 1221,3130 1796,3050 3043,3079 3003,2909 528,2981"/>
                <Baseline points="549,3040 639,3052 728,3058 818,3064 907,3064 997,3064 1087,3064 1176,3064 1266,3058 1355,3058 1445,3052 1535,3052 1624,3052 1714,3046 1803,3046 1893,3052 1983,3046 2072,3040 2162,3040 2251,3034 2341,3034 2430,3034 2520,3034 2610,3034 2699,3034 2789,3028 2878,3028 2968,3034 3052,3040"/>
                <TextEquiv>
                    <Unicode>Sie sehr (drei das schlafenen bei</Unicode>
                </TextEquiv>
            </TextLine>
            <TextLine id="tr_1_tl_27" custom="readingOrder {index:26;}">
                <Coords points="524,3314 741,3361 1012,3256 1666,3307 2165,3220 2284,3299 2620,3270 2703,3249 2707,3090 531,3137"/>
                <Baseline points="549,3279 561,3279 651,3273 740,3267 830,3267 919,3261 1009,3255 1099,3255 1188,3249 1278,3243 1367,3237 1457,3237 1546,3237 1636,3225 1726,3219 1815,3225 1905,3219 1994,3225 2084,3225 2174,3219 2263,3213 2353,3213 2442,3219 2532,3219 2622,3219 2711,3225"/>
                <TextEquiv>
                    <Unicode>ort lundadt; der</Unicode>
                </TextEquiv>
            </TextLine>
            <TextLine id="tr_1_tl_28" custom="readingOrder {index:27;}">
                <Coords points="560,3502 2071,3397 2746,3458 2891,3426 2895,3245 2450,3328 1539,3270 1221,3379 922,3303 564,3364"/>
                <Baseline points="579,3446 657,3452 746,3452 836,3446 925,3446 1015,3440 1104,3440 1194,3434 1284,3434 1373,3428 1463,3422 1552,3410 1642,3410 1732,3410 1821,3404 1911,3404 2000,3404 2090,3398 2180,3398 2269,3392 2359,3392 2448,3392 2538,3398 2628,3392 2717,3398 2807,3404 2896,3416"/>
                <TextEquiv>
                    <Unicode>de Pferde. Iappet étend</Unicode>
                </TextEquiv>
            </TextLine>
            <TextLine id="tr_1_tl_29" custom="readingOrder {index:28;}">
                <Coords points="564,3686 1648,3581 3133,3599 3133,3516 2960,3487 1782,3469 1420,3556 564,3494"/>
                <Baseline points="585,3607 633,3607 722,3601 812,3601 901,3607 991,3601 1081,3601 1170,3601 1260,3601 1349,3595 1439,3589 1529,3583 1618,3583 1708,3571 1797,3571 1887,3571 1977,3571 2066,3571 2156,3571 2245,3577 2335,3571 2424,3571 2514,3577 2604,3583 2693,3583 2783,3583 2872,3583 2962,3583 3052,3583 3141,3589"/>
                <TextEquiv>
                    <Unicode>keit nicht war verurteilen</Unicode>
                </TextEquiv>
            </TextLine>
            <TextLine id="tr_1_tl_30" custom="readingOrder {index:29;}">
                <Coords points="582,3841 1818,3751 2100,3823 2215,3747 2721,3762 2725,3675 2020,3632 1518,3711 1258,3635 582,3737"/>
                <Baseline points="603,3798 674,3786 764,3780 854,3780 943,3780 1033,3780 1122,3780 1212,3768 1302,3768 1391,3768 1481,3768 1570,3762 1660,3756 1750,3756 1839,3750 1929,3750 2018,3745 2108,3745 2198,3745 2287,3745 2377,3745 2466,3745 2556,3745 2645,3750 2735,3750"/>
                <TextEquiv>
                    <Unicode>at de kleppen tp al de</Unicode>
                </TextEquiv>
            </TextLine>
            <TextLine id="tr_1_tl_31" custom="readingOrder {index:30;}">
                <Coords points="661,3997 2967,4008 3097,3986 3101,3802 2530,3766 2226,3870 1594,3780 1070,3888 665,3802"/>
                <Baseline points="680,3966 686,3966 776,3948 866,3948 955,3948 1045,3942 1134,3936 1224,3936 1314,3936 1403,3930 1493,3924 1582,3924 1672,3924 1762,3918 1851,3918 1941,3924 2030,3924 2120,3924 2209,3918 2299,3912 2389,3912 2478,3912 2568,3912 2657,3912 2747,3912 2837,3912 2926,3912 3016,3918 3105,3924"/>
                <TextEquiv>
                    <Unicode>Pferr... Bind Ein bische kath, sagte</Unicode>
                </TextEquiv>
            </TextLine>
        </TextRegion>
        <TextRegion id="tr_2" custom="readingOrder {index:1;}">
            <Coords points="3470,230 6432,230 6432,3910 3470,3910"/>
            <TextLine id="tr_2_tl_1" custom="readingOrder {index:0;}">
                <Coords points="6169,296 6201,285 6248,300 6288,289 6339,329 6364,311 6414,307 6411,184 6342,192 6310,184 6277,199 6245,188 6169,192"/>
                <Baseline points="6187,286 6277,280 6367,286 6420,286"/>
                <TextEquiv>
                    <Unicode>...</Unicode>
                </TextEquiv>
            </TextLine>
            <TextLine id="tr_2_tl_2" custom="readingOrder {index:1;}">
                <Coords points="6187,524 6245,517 6266,499 6288,510 6317,495 6342,495 6389,466 6425,466 6436,358 6407,358 6385,340 6331,358 6266,307 6208,289"/>
                <Baseline points="6211,477 6253,483 6343,477 6432,459"/>
                <TextEquiv>
                    <Unicode>95</Unicode>
                </TextEquiv>
            </TextLine>
            <TextLine id="tr_2_tl_3" custom="readingOrder {index:2;}">
                <Coords points="3462,629 4969,625 5222,716 5370,625 6245,730 6245,517 6107,481 5684,553 5193,444 4477,553 4243,452 3766,546 3462,452"/>
                <Baseline points="3482,597 3571,597 3661,597 3750,597 3840,603 3930,603 4019,603 4109,597 4198,603 4288,609 4378,609 4467,609 4557,615 4646,615 4736,615 4826,615 4915,615 5005,609 5094,609 5184,603 5274,609 5363,603 5453,603 5542,603 5632,609 5722,609 5811,609 5901,609 5990,615 6080,615 6170,621 6253,627"/>
                <TextEquiv>
                    <Unicode>beverhte de Corrib. Sull viehte.... ..</Unicode>
                </TextEquiv>
            </TextLine>
            <TextLine id="tr_2_tl_4" custom="readingOrder {index:3;}">
                <Coords points="3744,744 3794,737 3831,712 3881,752 3899,744 3957,763 3993,730 4040,726 4037,625 3910,629 3881,654 3838,625 3820,640 3773,611 3740,622"/>
                <Baseline points="3762,698 3852,698 3942,704 4031,698 4049,698"/>
                <TextEquiv>
                    <Unicode>duist,</Unicode>
                </TextEquiv>
            </TextLine>
            <TextLine id="tr_2_tl_5" custom="readingOrder {index:4;}">
                <Coords points="3513,882 4065,802 4936,936 5377,835 5659,947 6082,918 6078,694 4991,759 4300,665 3950,766 3509,661"/>
                <Baseline points="3529,776 3619,788 3709,800 3798,800 3888,800 3977,800 4067,800 4157,800 4246,812 4336,812 4425,818 4515,818 4605,818 4694,824 4784,830 4873,830 4963,830 5053,836 5142,836 5232,836 5321,836 5411,830 5501,836 5590,830 5680,830 5769,830 5859,830 5949,836 6038,836 6092,830"/>
                <TextEquiv>
                    <Unicode>Es uns schon bleibes, weinte der Cromwerle).</Unicode>
                </TextEquiv>
            </TextLine>
            <TextLine id="tr_2_tl_6" custom="readingOrder {index:5;}">
                <Coords points="3498,1015 5529,1164 6140,1052 6404,1117 6371,900 6089,997 5894,914 3494,932"/>
                <Baseline points="3518,985 3607,991 3697,997 3786,1009 3876,1009 3966,1015 4055,1021 4145,1027 4234,1027 4324,1027 4413,1033 4503,1027 4593,1033 4682,1039 4772,1039 4861,1045 4951,1045 5041,1045 5130,1045 5220,1045 5309,1045 5399,1045 5489,1039 5578,1033 5668,1027 5757,1027 5847,1027 5937,1033 6026,1033 6116,1033 6205,1045 6295,1045 6385,1057 6408,1057"/>
                <TextEquiv>
                    <Unicode>will halt come tout ce sepere &amp; fit, - aber</Unicode>
                </TextEquiv>
            </TextLine>
            <TextLine id="tr_2_tl_7" custom="readingOrder {index:6;}">
                <Coords points="3498,1254 4391,1261 4561,1355 5927,1261 6353,1326 6263,1203 5869,1156 3494,1124"/>
                <Baseline points="3518,1218 3607,1218 3697,1224 3786,1230 3876,1236 3966,1236 4055,1242 4145,1242 4234,1236 4324,1236 4413,1236 4503,1236 4593,1242 4682,1248 4772,1248 4861,1248 4951,1254 5041,1254 5130,1254 5220,1254 5309,1260 5399,1260 5489,1260 5578,1260 5668,1254 5757,1254 5847,1260 5937,1260 6026,1266 6116,1278 6205,1290 6295,1296 6361,1308"/>
                <TextEquiv>
                    <Unicode>er nicht doch wohl oder; nur wenn mir, an</Unicode>
                </TextEquiv>
            </TextLine>
            <TextLine id="tr_2_tl_8" custom="readingOrder {index:7;}">
                <Coords points="3480,1474 4159,1597 4329,1485 6339,1492 6339,1344 5862,1261 5301,1402 3480,1355"/>
                <Baseline points="3500,1457 3589,1457 3679,1463 3768,1463 3858,1475 3948,1481 4037,1487 4127,1481 4216,1481 4306,1469 4396,1469 4485,1469 4575,1469 4664,1475 4754,1475 4844,1469 4933,1469 5023,1457 5112,1451 5202,1457 5291,1457 5381,1457 5471,1457 5560,1457 5650,1451 5739,1439 5829,1445 5919,1451 6008,1457 6098,1463 6187,1475 6277,1481 6349,1499"/>
                <TextEquiv>
                    <Unicode>by Correl freindler si di uwer... Heimm in</Unicode>
                </TextEquiv>
            </TextLine>
            <TextLine id="tr_2_tl_9" custom="readingOrder {index:8;}">
                <Coords points="4286,1623 5124,1568 5460,1626 5562,1572 5681,1633 6165,1565 6165,1482 6049,1464 5955,1521 5724,1456 4897,1507 4835,1565 4290,1496"/>
                <Baseline points="4306,1582 4384,1576 4473,1582 4563,1588 4652,1588 4742,1588 4832,1588 4921,1576 5011,1570 5100,1570 5190,1570 5280,1564 5369,1564 5459,1564 5548,1564 5638,1558 5728,1558 5817,1558 5907,1558 5996,1558 6086,1558 6175,1570"/>
                <TextEquiv>
                    <Unicode>dies ihr der ein klar Gevart</Unicode>
                </TextEquiv>
            </TextLine>
            <TextLine id="tr_2_tl_10" custom="readingOrder {index:9;}">
                <Coords points="3448,1796 6151,1709 6151,1597 5927,1561 4665,1670 3451,1583"/>
                <Baseline points="3470,1720 3559,1714 3649,1714 3739,1720 3828,1714 3918,1720 4007,1714 4097,1714 4187,1714 4276,1708 4366,1708 4455,1708 4545,1708 4634,1714 4724,1714 4814,1708 4903,1702 4993,1702 5082,1696 5172,1702 5262,1696 5351,1690 5441,1684 5530,1684 5620,1684 5710,1684 5799,1678 5889,1678 5978,1684 6068,1690 6158,1696"/>
                <TextEquiv>
                    <Unicode>holz blut je suis ci ils été en befait</Unicode>
                </TextEquiv>
            </TextLine>
            <TextLine id="tr_2_tl_11" custom="readingOrder {index:10;}">
                <Coords points="3567,1998 6367,1980 6346,1818 5746,1854 5478,1767 5189,1865 4644,1782 4409,1912 4156,1832 3993,1923 3570,1879"/>
                <Baseline points="3589,1965 3679,1959 3768,1953 3858,1953 3948,1959 4037,1965 4127,1959 4216,1953 4306,1953 4396,1947 4485,1941 4575,1941 4664,1941 4754,1935 4844,1941 4933,1935 5023,1941 5112,1947 5202,1947 5291,1947 5381,1941 5471,1929 5560,1929 5650,1929 5739,1929 5829,1935 5919,1935 6008,1935 6098,1935 6187,1941 6277,1947 6367,1965 6373,1965"/>
                <TextEquiv>
                    <Unicode>n'arreste ..  Elle été dit nicht gleich</Unicode>
                </TextEquiv>
            </TextLine>
            <TextLine id="tr_2_tl_12" custom="readingOrder {index:11;}">
                <Coords points="3505,2255 6360,2186 6266,2045 5735,2107 5493,1998 5038,2136 4752,2020 4438,2136 4214,2024 3914,2118 3769,1984 3509,2078"/>
                <Baseline points="3529,2204 3589,2192 3679,2186 3768,2186 3858,2192 3948,2192 4037,2192 4127,2192 4216,2192 4306,2192 4396,2186 4485,2174 4575,2180 4664,2180 4754,2180 4844,2180 4933,2180 5023,2174 5112,2174 5202,2156 5291,2150 5381,2144 5471,2138 5560,2138 5650,2138 5739,2144 5829,2144 5919,2150 6008,2156 6098,2156 6187,2162 6277,2162 6367,2174"/>
                <TextEquiv>
                    <Unicode>all oulw geber... fut personne... alle¬</Unicode>
                </TextEquiv>
            </TextLine>
            <TextLine id="tr_2_tl_13" custom="readingOrder {index:12;}">
                <Coords points="3552,2490 6393,2367 6335,2266 5381,2208 5240,2313 4839,2334 4622,2233 4131,2385 3560,2316"/>
                <Baseline points="3577,2401 3625,2407 3715,2407 3804,2407 3894,2413 3983,2413 4073,2413 4163,2401 4252,2395 4342,2377 4431,2377 4521,2377 4611,2377 4700,2383 4790,2383 4879,2377 4969,2365 5059,2353 5148,2347 5238,2341 5327,2329 5417,2335 5507,2335 5596,2335 5686,2341 5775,2341 5865,2347 5954,2341 6044,2341 6134,2341 6223,2347 6313,2347 6402,2347"/>
                <TextEquiv>
                    <Unicode>jeune.    Exempt</Unicode>
                </TextEquiv>
            </TextLine>
            <TextLine id="tr_2_tl_14" custom="readingOrder {index:13;}">
                <Coords points="3578,2652 5930,2580 6263,2548 6320,2450 5927,2371 5670,2508 5218,2400 4170,2559 3585,2483"/>
                <Baseline points="3601,2616 3637,2622 3727,2622 3816,2628 3906,2622 3995,2616 4085,2610 4175,2592 4264,2586 4354,2580 4443,2568 4533,2568 4623,2562 4712,2556 4802,2556 4891,2556 4981,2556 5070,2550 5160,2556 5250,2544 5339,2538 5429,2532 5518,2538 5608,2544 5698,2532 5787,2526 5877,2520 5966,2520 6056,2520 6146,2520 6235,2526 6325,2526"/>
                <TextEquiv>
                    <Unicode>Es fol.. 14 Tag... 8 Tage... Cbe wee</Unicode>
                </TextEquiv>
            </TextLine>
            <TextLine id="tr_2_tl_15" custom="readingOrder {index:14;}">
                <Coords points="3509,2866 4922,2739 5486,2830 6194,2725 6205,2555 3513,2746"/>
                <Baseline points="3529,2807 3607,2807 3697,2813 3786,2819 3876,2819 3966,2813 4055,2807 4145,2801 4234,2795 4324,2783 4413,2783 4503,2777 4593,2771 4682,2753 4772,2747 4861,2741 4951,2741 5041,2735 5130,2741 5220,2741 5309,2741 5399,2741 5489,2741 5578,2735 5668,2723 5757,2717 5847,2705 5937,2699 6026,2699 6116,2699 6205,2705"/>
                <TextEquiv>
                    <Unicode>"Ouhel Robert..? Kögle Er</Unicode>
                </TextEquiv>
            </TextLine>
            <TextLine id="tr_2_tl_16" custom="readingOrder {index:15;}">
                <Coords points="4112,2920 4467,2887 4535,2909 4669,2877 4860,2945 4875,2801 4803,2768 4756,2797 4658,2765 4593,2804 4532,2783 4452,2830 4293,2801 4261,2826 4123,2815"/>
                <Baseline points="4133,2914 4163,2914 4252,2902 4342,2896 4431,2884 4521,2878 4611,2866 4700,2855 4790,2849 4879,2849"/>
                <TextEquiv>
                    <Unicode>bei mit Robert.</Unicode>
                </TextEquiv>
            </TextLine>
            <TextLine id="tr_2_tl_17" custom="readingOrder {index:16;}">
                <Coords points="3603,3151 5829,2927 6349,3039 6364,2819 6100,2743 5721,2848 5160,2815 4994,2931 4593,2884 4271,2992 3621,2920"/>
                <Baseline points="3631,3070 3679,3070 3768,3070 3858,3064 3948,3064 4037,3052 4127,3052 4216,3040 4306,3034 4396,3028 4485,3016 4575,3004 4664,3004 4754,2992 4844,2992 4933,2986 5023,2980 5112,2968 5202,2962 5291,2956 5381,2956 5471,2950 5560,2944 5650,2944 5739,2932 5829,2926 5919,2920 6008,2914 6098,2920 6187,2920 6277,2920 6367,2920"/>
                <TextEquiv>
                    <Unicode>Vomit müßt zweifelte und in</Unicode>
                </TextEquiv>
            </TextLine>
            <TextLine id="tr_2_tl_18" custom="readingOrder {index:17;}">
                <Coords points="3588,3310 4112,3267 4297,3361 4994,3184 6147,3216 6241,3184 6252,2985 4828,3036 3968,3238 3599,3155"/>
                <Baseline points="3613,3279 3655,3279 3745,3279 3834,3273 3924,3261 4013,3261 4103,3255 4192,3243 4282,3237 4372,3231 4461,3231 4551,3225 4640,3219 4730,3207 4820,3201 4909,3195 4999,3183 5088,3177 5178,3177 5268,3171 5357,3171 5447,3159 5536,3153 5626,3147 5716,3141 5805,3141 5895,3135 5984,3141 6074,3141 6164,3129 6253,3129"/>
                <TextEquiv>
                    <Unicode>Bos   ƒim Todtetrk coa/cune</Unicode>
                </TextEquiv>
            </TextLine>
            <TextLine id="tr_2_tl_19" custom="readingOrder {index:18;}">
                <Coords points="3560,3516 5811,3368 6328,3466 6346,3202 5507,3191 4821,3368 3972,3317 3563,3455"/>
                <Baseline points="3583,3494 3655,3488 3745,3488 3834,3488 3924,3482 4013,3470 4103,3458 4192,3458 4282,3452 4372,3452 4461,3446 4551,3434 4640,3422 4730,3416 4820,3410 4909,3398 4999,3404 5088,3398 5178,3392 5268,3380 5357,3368 5447,3368 5536,3362 5626,3356 5716,3350 5805,3350 5895,3350 5984,3356 6074,3356 6164,3362 6253,3368 6343,3374"/>
                <TextEquiv>
                    <Unicode>nach Zeit. Mit der vier in</Unicode>
                </TextEquiv>
            </TextLine>
            <TextLine id="tr_2_tl_20" custom="readingOrder {index:19;}">
                <Coords points="3607,3769 5511,3621 6013,3664 6021,3520 4817,3415 4510,3545 4275,3487 3968,3639 3614,3567"/>
                <Baseline points="3625,3703 3697,3703 3786,3703 3876,3703 3966,3697 4055,3691 4145,3679 4234,3673 4324,3673 4413,3667 4503,3667 4593,3661 4682,3661 4772,3667 4861,3655 4951,3649 5041,3643 5130,3637 5220,3637 5309,3637 5399,3625 5489,3619 5578,3619 5668,3619 5757,3613 5847,3625 5937,3631 6026,3637"/>
                <TextEquiv>
                    <Unicode> Gany Thiele spto de Cemt.</Unicode>
                </TextEquiv>
            </TextLine>
            <TextLine id="tr_2_tl_21" custom="readingOrder {index:20;}">
                <Coords points="4969,3794 5048,3809 5092,3794 5139,3816 5182,3794 5258,3820 5305,3798 5410,3805 5450,3773 5478,3802 5518,3802 5525,3639 5370,3635 5294,3672 5092,3650 5038,3690 4973,3690"/>
                <Baseline points="4993,3727 5082,3727 5172,3733 5262,3727 5351,3715 5441,3709 5530,3709"/>
                <TextEquiv>
                    <Unicode>I am</Unicode>
                </TextEquiv>
            </TextLine>
            <TextLine id="tr_2_tl_22" custom="readingOrder {index:21;}">
                <Coords points="3661,3910 3979,3997 4618,3881 5052,3950 5352,3870 6006,3906 6075,3704 5305,3823 4839,3733 4369,3831 3664,3744"/>
                <Baseline points="3679,3894 3750,3894 3840,3900 3930,3888 4019,3888 4109,3888 4198,3882 4288,3882 4378,3876 4467,3882 4557,3876 4646,3882 4736,3876 4826,3876 4915,3876 5005,3876 5094,3876 5184,3876 5274,3876 5363,3870 5453,3870 5542,3870 5632,3864 5722,3864 5811,3864 5901,3870 5990,3864 6080,3858"/>
                <TextEquiv>
                    <Unicode>woll wie nicht so gern neben</Unicode>
                </TextEquiv>
            </TextLine>
        </TextRegion>
    </Page>
</PcGts>
