3544 4472
292 4108 398 4279 P.
2744 529 2841 687 3
641 723 2835 912 und sie bleibt bei ihm. Er ist anfangs sehr
653 896 3093 1039 glücklich, dann denkt er: Ich hätte doch lieber war-
644 1054 2887 1216 ten sollen. Der Morgen naht, und sie scheint zu
599 1209 2820 1370 schlafen. Dann schläft er ein. Wie er aufwacht,
650 1367 3066 1522 steht sie angekleidet vor ihm und schmeisst ihm das
611 1525 2546 1705 Geld auf den Nachttisch. Dann geht sie.
638 1671 2926 1893 Es dauf wobei uidt dem die Revosen, dass
714 1860 3042 2036 auf Liebthasst gelegt. Neu; sie muß ihm damals
748 1984 2902 2230 entgegengekeine sein, und er at deiner ker¬
717 2139 2656 2346 het nicht gemacht, dass es Siebe ist...
781 2352 2917 2513 Wee sie auch ihre Verwahler mie jene hat ich doch
717 2474 2780 2680 gehabt.. Ammerst die dich: Ich tat gesagt.
711 2644 2249 2796 will nehe lerne, ider Blüwen etc
