<?xml version="1.0" encoding="UTF-8" standalone="yes"?>
<PcGts xmlns="http://schema.primaresearch.org/PAGE/gts/pagecontent/2013-07-15" xmlns:xsi="http://www.w3.org/2001/XMLSchema-instance" xsi:schemaLocation="http://schema.primaresearch.org/PAGE/gts/pagecontent/2013-07-15 http://schema.primaresearch.org/PAGE/gts/pagecontent/2013-07-15/pagecontent.xsd">
    <Metadata>
        <Creator>prov=READ-COOP:name=TrHtr:version=2.1.0:model_id=51170:date=15_08_2023_00:16</Creator>
        <Created>2023-05-10T14:45:59.828+02:00</Created>
        <LastChange>2023-08-15T00:16:09.758+02:00</LastChange>
        <TranskribusMetadata docId="1428675" pageId="55425002" pageNr="19" tsid="132831858" status="IN_PROGRESS" userId="64420" imgUrl="https://files.transkribus.eu/Get?id=YSHDPEVVKPZCPTUEDAMGQCDV&amp;fileType=view" xmlUrl="https://files.transkribus.eu/Get?id=BGWYHFZBDGVCGPGIIOJWBHTX" imageId="44699079"/>
    </Metadata>
    <Page imageFilename="1428675_0019.jpg" imageWidth="6680" imageHeight="4424">
        <ReadingOrder>
            <OrderedGroup id="ro_1711812652219" caption="Regions reading order">
                <RegionRefIndexed index="0" regionRef="tr_1"/>
            </OrderedGroup>
        </ReadingOrder>
        <TextRegion id="tr_1" custom="readingOrder {index:0;}">
            <Coords points="226,254 6400,254 6400,4059 226,4059"/>
            <TextLine id="tr_1_tl_1" custom="readingOrder {index:0;}">
                <Coords points="5979,315 6001,315 6051,358 6076,340 6112,348 6148,322 6165,344 6216,348 6234,365 6298,337 6302,229 6255,229 6226,254 6191,251 6165,226 6122,233 6019,147 5983,147"/>
                <Baseline points="6000,310 6035,310 6125,316 6215,316 6304,304"/>
                <TextEquiv>
                    <Unicode>irr</Unicode>
                </TextEquiv>
            </TextLine>
            <TextLine id="tr_1_tl_2" custom="readingOrder {index:1;}">
                <Coords points="412,369 451,383 516,369 530,376 562,369 580,380 645,376 652,229 623,236 548,226 498,236 469,222 419,226"/>
                <Baseline points="435,328 477,328 567,322 656,322"/>
                <TextEquiv>
                    <Unicode>12</Unicode>
                </TextEquiv>
            </TextLine>
            <TextLine id="tr_1_tl_3" custom="readingOrder {index:2;}">
                <Coords points="3389,480 6194,519 6269,355 4707,290 4281,416 4080,333 3389,398"/>
                <Baseline points="3409,477 3498,471 3588,471 3677,471 3767,465 3856,465 3946,459 4035,459 4125,453 4215,453 4304,447 4394,447 4483,447 4573,447 4662,447 4752,447 4841,447 4931,453 5021,447 5110,447 5200,453 5289,453 5379,453 5468,453 5558,447 5647,447 5737,447 5827,441 5916,447 6006,447 6095,453 6185,459 6274,465"/>
                <TextEquiv>
                    <Unicode>man komt de stets in eilf. sind, in bl bösse</Unicode>
                </TextEquiv>
            </TextLine>
            <TextLine id="tr_1_tl_4" custom="readingOrder {index:3;}">
                <Coords points="240,559 315,570 344,548 383,566 405,548 437,562 455,545 491,562 530,541 566,552 659,484 688,487 695,398 666,405 652,383 602,373 487,369 387,416 312,380 272,412 247,405"/>
                <Baseline points="262,495 340,489 429,483 519,471 608,477 698,465"/>
                <TextEquiv>
                    <Unicode>104.</Unicode>
                </TextEquiv>
            </TextLine>
            <TextLine id="tr_1_tl_5" custom="readingOrder {index:4;}">
                <Coords points="570,706 1214,588 1906,656 2253,562 3042,598 2995,494 2526,362 2225,469 1014,408 573,534"/>
                <Baseline points="591,638 632,632 722,620 811,614 901,603 991,597 1080,597 1170,591 1259,585 1349,579 1438,579 1528,573 1617,573 1707,567 1797,567 1886,567 1976,561 2065,561 2155,561 2244,561 2334,555 2423,549 2513,549 2603,555 2692,555 2782,561 2871,561 2961,567 3050,567"/>
                <TextEquiv>
                    <Unicode>Abe. er wurtt mit zweit an..</Unicode>
                </TextEquiv>
            </TextLine>
            <TextLine id="tr_1_tl_6" custom="readingOrder {index:5;}">
                <Coords points="3443,770 4252,652 5141,659 5377,774 5779,656 6198,724 6251,498 5739,487 5435,616 5184,494 4575,588 4080,487 3443,616"/>
                <Baseline points="3462,668 3486,668 3576,674 3665,668 3755,668 3844,662 3934,656 4023,656 4113,650 4203,644 4292,644 4382,644 4471,644 4561,638 4650,632 4740,632 4829,638 4919,638 5009,644 5098,650 5188,650 5277,650 5367,650 5456,644 5546,644 5635,650 5725,644 5815,644 5904,644 5994,644 6083,644 6173,650 6262,656"/>
                <TextEquiv>
                    <Unicode>Zel - tille. Les kann, en aiféreisheram</Unicode>
                </TextEquiv>
            </TextLine>
            <TextLine id="tr_1_tl_7" custom="readingOrder {index:6;}">
                <Coords points="204,906 1935,785 2773,863 2877,817 2880,677 2440,591 2228,691 1304,631 211,745"/>
                <Baseline points="226,859 286,859 376,853 465,847 555,847 644,841 734,829 823,823 913,817 1003,817 1092,811 1182,805 1271,805 1361,800 1450,794 1540,794 1629,782 1719,782 1809,776 1898,776 1988,776 2077,770 2167,770 2256,770 2346,770 2435,776 2525,776 2614,776 2704,782 2794,776 2883,782"/>
                <TextEquiv>
                    <Unicode>einer vielleicht auf „Müel“</Unicode>
                </TextEquiv>
            </TextLine>
            <TextLine id="tr_1_tl_8" custom="readingOrder {index:7;}">
                <Coords points="3486,931 6309,874 6309,713 5127,820 4647,670 4442,774 3489,835"/>
                <Baseline points="3510,877 3540,883 3629,889 3719,883 3809,877 3898,871 3988,865 4077,859 4167,853 4256,853 4346,853 4435,853 4525,847 4615,847 4704,847 4794,841 4883,841 4973,847 5062,847 5152,847 5241,847 5331,853 5421,853 5510,847 5600,847 5689,841 5779,841 5868,841 5958,835 6047,841 6137,841 6227,835 6316,841"/>
                <TextEquiv>
                    <Unicode>in de créaime Regne.. juillet... tres</Unicode>
                </TextEquiv>
            </TextLine>
            <TextLine id="tr_1_tl_9" custom="readingOrder {index:8;}">
                <Coords points="287,1111 731,1161 1784,1000 2923,1093 2930,896 1634,978 914,853 684,949 294,928"/>
                <Baseline points="310,1080 340,1080 429,1080 519,1074 608,1068 698,1062 788,1050 877,1044 967,1038 1056,1038 1146,1038 1235,1032 1325,1032 1414,1020 1504,1014 1594,1008 1683,1003 1773,1003 1862,1003 1952,997 2041,991 2131,991 2220,997 2310,997 2400,997 2489,997 2579,997 2668,997 2758,997 2847,997 2937,1003"/>
                <TextEquiv>
                    <Unicode>Elxchl. eergetr. oder il</Unicode>
                </TextEquiv>
            </TextLine>
            <TextLine id="tr_1_tl_10" custom="readingOrder {index:9;}">
                <Coords points="3439,1254 4005,1103 5836,1154 6291,1093 6294,917 5195,996 4718,914 4414,1014 3446,935"/>
                <Baseline points="3462,1110 3528,1104 3618,1104 3707,1110 3797,1110 3886,1104 3976,1098 4065,1092 4155,1086 4244,1086 4334,1080 4424,1080 4513,1074 4603,1074 4692,1068 4782,1068 4871,1062 4961,1062 5050,1068 5140,1068 5229,1068 5319,1062 5409,1062 5498,1062 5588,1056 5677,1050 5767,1050 5856,1044 5946,1044 6035,1050 6125,1050 6215,1050 6304,1050"/>
                <TextEquiv>
                    <Unicode>güler Verräs. macht es so leid beffenen</Unicode>
                </TextEquiv>
            </TextLine>
            <TextLine id="tr_1_tl_11" custom="readingOrder {index:10;}">
                <Coords points="308,1437 749,1300 974,1426 1680,1268 2776,1211 2669,1128 1952,1136 1695,1032 1304,1214 322,1146"/>
                <Baseline points="334,1331 364,1331 453,1325 543,1307 632,1301 722,1295 811,1289 901,1277 991,1277 1080,1277 1170,1271 1259,1271 1349,1265 1438,1259 1528,1247 1617,1241 1707,1235 1797,1229 1886,1229 1976,1223 2065,1217 2155,1217 2244,1217 2334,1211 2423,1206 2513,1200 2603,1200 2692,1194 2782,1188"/>
                <TextEquiv>
                    <Unicode>wilge. c. Verandepar</Unicode>
                </TextEquiv>
            </TextLine>
            <TextLine id="tr_1_tl_12" custom="readingOrder {index:11;}">
                <Coords points="3482,1379 4478,1329 4840,1437 5137,1300 6044,1318 6187,1279 6191,1093 4804,1125 4442,1222 4027,1125 3486,1254"/>
                <Baseline points="3504,1313 3510,1319 3600,1325 3689,1325 3779,1331 3868,1325 3958,1325 4047,1325 4137,1313 4226,1313 4316,1307 4406,1301 4495,1301 4585,1301 4674,1295 4764,1289 4853,1283 4943,1283 5032,1277 5122,1277 5212,1277 5301,1277 5391,1277 5480,1271 5570,1271 5659,1259 5749,1253 5838,1253 5928,1247 6018,1241 6107,1241 6197,1241"/>
                <TextEquiv>
                    <Unicode>sollen.. ich möchte hatt ihm erfert.</Unicode>
                </TextEquiv>
            </TextLine>
            <TextLine id="tr_1_tl_13" custom="readingOrder {index:12;}">
                <Coords points="333,1580 982,1623 1222,1501 2852,1454 2862,1318 2404,1383 1949,1261 1422,1397 344,1444"/>
                <Baseline points="358,1546 447,1546 537,1546 626,1534 716,1528 805,1522 895,1510 985,1510 1074,1504 1164,1498 1253,1486 1343,1480 1432,1468 1522,1462 1611,1462 1701,1456 1791,1450 1880,1444 1970,1438 2059,1432 2149,1432 2238,1426 2328,1420 2417,1420 2507,1414 2597,1408 2686,1403 2776,1391 2865,1385"/>
                <TextEquiv>
                    <Unicode>sowon. Ja no dit Trites</Unicode>
                </TextEquiv>
            </TextLine>
            <TextLine id="tr_1_tl_14" custom="readingOrder {index:13;}">
                <Coords points="3461,1666 6051,1505 6065,1318 5288,1308 4715,1490 4496,1408 4134,1555 3618,1412 3475,1490"/>
                <Baseline points="3486,1611 3552,1611 3641,1606 3731,1600 3820,1600 3910,1600 4000,1588 4089,1588 4179,1582 4268,1576 4358,1564 4447,1552 4537,1546 4626,1540 4716,1522 4806,1516 4895,1504 4985,1498 5074,1492 5164,1486 5253,1474 5343,1468 5432,1468 5522,1462 5612,1462 5701,1462 5791,1456 5880,1456 5970,1456 6059,1474"/>
                <TextEquiv>
                    <Unicode>belobne i depe u duis vier omt</Unicode>
                </TextEquiv>
            </TextLine>
            <TextLine id="tr_1_tl_15" custom="readingOrder {index:14;}">
                <Coords points="4826,1637 5084,1598 5191,1626 5370,1569 5510,1612 5564,1587 5793,1612 5800,1523 5718,1490 5510,1526 5316,1487 5134,1544 5037,1508 4973,1562 4904,1512 4833,1533"/>
                <Baseline points="4847,1617 4907,1611 4997,1600 5086,1594 5176,1588 5265,1576 5355,1570 5444,1564 5534,1558 5624,1558 5713,1558 5803,1558"/>
                <TextEquiv>
                    <Unicode>m'a ou je</Unicode>
                </TextEquiv>
            </TextLine>
            <TextLine id="tr_1_tl_16" custom="readingOrder {index:15;}">
                <Coords points="405,1791 1035,1802 1454,1669 2816,1709 2877,1501 2583,1594 1372,1551 949,1691 408,1709"/>
                <Baseline points="429,1767 459,1761 549,1749 638,1743 728,1743 817,1737 907,1725 997,1719 1086,1719 1176,1707 1265,1683 1355,1677 1444,1665 1534,1665 1623,1665 1713,1659 1803,1659 1892,1659 1982,1659 2071,1653 2161,1647 2250,1647 2340,1641 2429,1641 2519,1641 2609,1635 2698,1629 2788,1623 2877,1623"/>
                <TextEquiv>
                    <Unicode>2 März... Sollt es nicht. alte</Unicode>
                </TextEquiv>
            </TextLine>
            <TextLine id="tr_1_tl_17" custom="readingOrder {index:16;}">
                <Coords points="3468,1863 4550,1902 5198,1716 6180,1705 6191,1576 5080,1601 4761,1727 4668,1659 4091,1755 3486,1662"/>
                <Baseline points="3492,1844 3504,1844 3594,1844 3683,1838 3773,1832 3862,1832 3952,1832 4041,1826 4131,1820 4221,1809 4310,1803 4400,1797 4489,1785 4579,1779 4668,1779 4758,1773 4847,1755 4937,1743 5027,1731 5116,1713 5206,1707 5295,1689 5385,1683 5474,1677 5564,1671 5653,1671 5743,1671 5832,1665 5922,1659 6012,1653 6101,1653 6191,1659"/>
                <TextEquiv>
                    <Unicode>Sitiaters anit feich at on der -- all</Unicode>
                </TextEquiv>
            </TextLine>
            <TextLine id="tr_1_tl_18" custom="readingOrder {index:17;}">
                <Coords points="3805,1745 3873,1745 3930,1709 4005,1720 4037,1748 4066,1748 4149,1702 4174,1723 4206,1723 4209,1644 4163,1652 4109,1616 4041,1605 3980,1619 3948,1609 3912,1634 3880,1605 3808,1630"/>
                <Baseline points="3826,1695 3856,1689 3946,1695 4035,1689 4125,1683 4215,1689"/>
                <TextEquiv>
                    <Unicode>tage</Unicode>
                </TextEquiv>
            </TextLine>
            <TextLine id="tr_1_tl_19" custom="readingOrder {index:18;}">
                <Coords points="383,1978 480,2046 978,1960 1741,2003 2189,1877 2529,1924 2741,1870 2751,1723 390,1902"/>
                <Baseline points="405,1958 423,1958 513,1958 603,1952 692,1952 782,1946 871,1946 961,1952 1050,1946 1140,1940 1229,1934 1319,1928 1408,1922 1498,1910 1588,1910 1677,1904 1767,1898 1856,1898 1946,1892 2035,1886 2125,1880 2214,1868 2304,1862 2394,1850 2483,1844 2573,1838 2662,1838 2752,1844"/>
                <TextEquiv>
                    <Unicode>aureger... Cbe ces jours mets de</Unicode>
                </TextEquiv>
            </TextLine>
            <TextLine id="tr_1_tl_20" custom="readingOrder {index:19;}">
                <Coords points="3482,2089 4406,1999 4535,2067 5818,1856 6015,1917 6216,1884 6226,1763 3819,1999 3500,1895"/>
                <Baseline points="3504,2053 3540,2053 3629,2053 3719,2047 3809,2041 3898,2029 3988,2023 4077,2017 4167,2011 4256,2006 4346,2000 4435,1994 4525,1988 4615,1976 4704,1970 4794,1964 4883,1958 4973,1946 5062,1934 5152,1916 5241,1898 5331,1892 5421,1880 5510,1880 5600,1874 5689,1868 5779,1856 5868,1856 5958,1856 6047,1856 6137,1856 6227,1850"/>
                <TextEquiv>
                    <Unicode>ordreur de la nouvelle nuit</Unicode>
                </TextEquiv>
            </TextLine>
            <TextLine id="tr_1_tl_21" custom="readingOrder {index:20;}">
                <Coords points="348,2225 752,2178 1100,2268 1333,2157 1927,2110 2386,2171 2755,2078 2762,1945 1845,1952 1121,2139 358,2071"/>
                <Baseline points="370,2173 435,2185 525,2179 614,2179 704,2179 794,2173 883,2173 973,2173 1062,2173 1152,2167 1241,2161 1331,2155 1420,2149 1510,2137 1600,2137 1689,2125 1779,2119 1868,2113 1958,2107 2047,2101 2137,2083 2226,2077 2316,2071 2406,2065 2495,2047 2585,2047 2674,2041 2764,2041"/>
                <TextEquiv>
                    <Unicode>luite dage.  Du Conval die Rei</Unicode>
                </TextEquiv>
            </TextLine>
            <TextLine id="tr_1_tl_22" custom="readingOrder {index:21;}">
                <Coords points="3529,2289 6248,2103 6259,1927 5431,2067 4016,2078 3536,2200"/>
                <Baseline points="3552,2244 3570,2244 3659,2238 3749,2232 3838,2226 3928,2214 4018,2209 4107,2203 4197,2191 4286,2179 4376,2179 4465,2179 4555,2167 4644,2155 4734,2155 4824,2143 4913,2131 5003,2131 5092,2119 5182,2113 5271,2107 5361,2095 5450,2089 5540,2077 5630,2071 5719,2059 5809,2059 5898,2059 5988,2059 6077,2065 6167,2071 6256,2077"/>
                <TextEquiv>
                    <Unicode>in de Seite Sept wel ewer reich St Bibles</Unicode>
                </TextEquiv>
            </TextLine>
            <TextLine id="tr_1_tl_23" custom="readingOrder {index:22;}">
                <Coords points="5442,2221 5553,2192 5585,2221 5639,2207 5689,2239 5779,2232 5779,2103 5746,2107 5707,2089 5646,2135 5607,2121 5582,2146 5510,2096 5470,2114 5442,2107"/>
                <Baseline points="5462,2185 5516,2185 5606,2179 5695,2185 5785,2179"/>
                <TextEquiv>
                    <Unicode>Ain</Unicode>
                </TextEquiv>
            </TextLine>
            <TextLine id="tr_1_tl_24" custom="readingOrder {index:23;}">
                <Coords points="423,2364 942,2443 1207,2361 2891,2372 3006,2364 3013,2200 2031,2164 1039,2321 426,2268"/>
                <Baseline points="441,2364 513,2370 603,2370 692,2370 782,2370 871,2370 961,2364 1050,2358 1140,2358 1229,2352 1319,2346 1408,2340 1498,2334 1588,2328 1677,2322 1767,2316 1856,2310 1946,2304 2035,2298 2125,2286 2214,2286 2304,2286 2394,2280 2483,2274 2573,2274 2662,2280 2752,2280 2841,2286 2931,2286 3020,2292"/>
                <TextEquiv>
                    <Unicode>Euil tote sach... de fang sich</Unicode>
                </TextEquiv>
            </TextLine>
            <TextLine id="tr_1_tl_25" custom="readingOrder {index:24;}">
                <Coords points="3525,2458 5159,2354 6208,2411 6251,2243 4912,2207 4482,2343 3532,2343"/>
                <Baseline points="3546,2435 3576,2429 3665,2423 3755,2417 3844,2412 3934,2400 4023,2400 4113,2388 4203,2388 4292,2388 4382,2382 4471,2370 4561,2370 4650,2364 4740,2352 4829,2340 4919,2334 5009,2328 5098,2328 5188,2316 5277,2310 5367,2304 5456,2292 5546,2292 5635,2286 5725,2286 5815,2286 5904,2280 5994,2280 6083,2280 6173,2280 6262,2280"/>
                <TextEquiv>
                    <Unicode>2nd Cossil hie; - der schien in Gernich von</Unicode>
                </TextEquiv>
            </TextLine>
            <TextLine id="tr_1_tl_26" custom="readingOrder {index:25;}">
                <Coords points="430,2698 742,2601 1408,2626 1784,2533 2640,2576 2759,2433 1028,2393 437,2547"/>
                <Baseline points="453,2614 525,2603 614,2603 704,2597 794,2591 883,2579 973,2573 1062,2567 1152,2567 1241,2561 1331,2555 1420,2549 1510,2543 1600,2537 1689,2531 1779,2519 1868,2513 1958,2513 2047,2507 2137,2507 2226,2495 2316,2495 2406,2495 2495,2495 2585,2501 2674,2501 2764,2501"/>
                <TextEquiv>
                    <Unicode>in Ostel Robeet... Obe.. ci ine J</Unicode>
                </TextEquiv>
            </TextLine>
            <TextLine id="tr_1_tl_27" custom="readingOrder {index:26;}">
                <Coords points="3479,2655 5399,2540 5675,2622 6212,2468 5854,2393 5564,2493 5302,2354 4131,2533 3486,2515"/>
                <Baseline points="3498,2632 3534,2632 3623,2626 3713,2620 3803,2614 3892,2603 3982,2603 4071,2597 4161,2591 4250,2591 4340,2585 4429,2585 4519,2579 4609,2573 4698,2567 4788,2555 4877,2549 4967,2549 5056,2543 5146,2537 5235,2531 5325,2531 5415,2531 5504,2531 5594,2525 5683,2525 5773,2507 5862,2513 5952,2507 6041,2513 6131,2501 6221,2513"/>
                <TextEquiv>
                    <Unicode>ben; - ernhälte der Zeit übernimmt;</Unicode>
                </TextEquiv>
            </TextLine>
            <TextLine id="tr_1_tl_28" custom="readingOrder {index:27;}">
                <Coords points="462,2880 1128,2773 1326,2866 1619,2737 2300,2665 2981,2690 3027,2565 2375,2533 2114,2655 1523,2687 1333,2608 473,2705"/>
                <Baseline points="489,2800 525,2800 614,2800 704,2794 794,2788 883,2782 973,2776 1062,2770 1152,2770 1241,2758 1331,2752 1420,2752 1510,2746 1600,2740 1689,2728 1779,2722 1868,2710 1958,2704 2047,2692 2137,2674 2226,2668 2316,2656 2406,2656 2495,2656 2585,2662 2674,2668 2764,2668 2853,2668 2943,2668 3032,2668"/>
                <TextEquiv>
                    <Unicode>das ich die Sinne viere</Unicode>
                </TextEquiv>
            </TextLine>
            <TextLine id="tr_1_tl_29" custom="readingOrder {index:28;}">
                <Coords points="3482,2877 4973,2873 5818,2733 6180,2816 6241,2665 5496,2583 4851,2730 4091,2651 3489,2733"/>
                <Baseline points="3504,2841 3564,2835 3653,2829 3743,2823 3832,2823 3922,2817 4012,2817 4101,2812 4191,2800 4280,2794 4370,2800 4459,2794 4549,2794 4638,2794 4728,2794 4818,2788 4907,2782 4997,2776 5086,2764 5176,2758 5265,2752 5355,2746 5444,2740 5534,2740 5624,2740 5713,2734 5803,2734 5892,2734 5982,2734 6071,2734 6161,2740 6250,2746"/>
                <TextEquiv>
                    <Unicode>greinbrutig Haare sine tippe,    sint</Unicode>
                </TextEquiv>
            </TextLine>
            <TextLine id="tr_1_tl_30" custom="readingOrder {index:29;}">
                <Coords points="433,3102 738,3006 1179,3067 2142,2930 2658,2966 2773,2945 2780,2794 1752,2823 1569,2927 1118,2841 444,2891"/>
                <Baseline points="459,2997 543,3003 632,3003 722,3003 811,3003 901,3003 991,3003 1080,2997 1170,2985 1259,2979 1349,2973 1438,2973 1528,2961 1617,2955 1707,2949 1797,2937 1886,2931 1976,2925 2065,2925 2155,2925 2244,2925 2334,2919 2423,2919 2513,2901 2603,2901 2692,2895 2782,2889"/>
                <TextEquiv>
                    <Unicode>you wirdi wie de Cissler..d</Unicode>
                </TextEquiv>
            </TextLine>
            <TextLine id="tr_1_tl_31" custom="readingOrder {index:30;}">
                <Coords points="3532,3042 5030,3074 5539,2966 6237,2981 6237,2873 5342,2830 3532,2966"/>
                <Baseline points="3552,3009 3558,3009 3647,3009 3737,3003 3826,3003 3916,3003 4006,2997 4095,3003 4185,3003 4274,3003 4364,3003 4453,3003 4543,3003 4632,3003 4722,3003 4812,2991 4901,2991 4991,2985 5080,2979 5170,2973 5259,2967 5349,2961 5438,2961 5528,2955 5618,2955 5707,2949 5797,2949 5886,2955 5976,2955 6065,2961 6155,2961 6244,2967"/>
                <TextEquiv>
                    <Unicode>are tall jussoet, in or en Lactel, a ich</Unicode>
                </TextEquiv>
            </TextLine>
            <TextLine id="tr_1_tl_32" custom="readingOrder {index:31;}">
                <Coords points="1247,3124 2053,3059 2221,3113 2436,3020 2486,3067 2794,3056 2848,2977 2436,2920 2121,3013 1942,2966 1254,3009"/>
                <Baseline points="1271,3086 1331,3086 1420,3080 1510,3080 1600,3074 1689,3068 1779,3062 1868,3062 1958,3050 2047,3050 2137,3044 2226,3038 2316,3032 2406,3026 2495,3020 2585,3026 2674,3026 2764,3026 2853,3020"/>
                <TextEquiv>
                    <Unicode>cier Sohn. ni ouilos 1 tricile</Unicode>
                </TextEquiv>
            </TextLine>
            <TextLine id="tr_1_tl_33" custom="readingOrder {index:32;}">
                <Coords points="5359,3042 5399,3042 5456,3074 5524,3085 5524,3002 5506,3002 5492,2991 5470,2991 5460,2999 5449,2991 5427,3006 5410,2988 5359,2999"/>
                <Baseline points="5379,3032 5468,3032 5534,3032"/>
                <TextEquiv>
                    <Unicode>u</Unicode>
                </TextEquiv>
            </TextLine>
            <TextLine id="tr_1_tl_34" custom="readingOrder {index:33;}">
                <Coords points="3522,3196 6105,3221 6208,3059 5947,2959 5277,3106 5184,3038 3522,3110"/>
                <Baseline points="3540,3176 3618,3176 3707,3176 3797,3176 3886,3170 3976,3170 4065,3170 4155,3170 4244,3176 4334,3182 4424,3176 4513,3176 4603,3182 4692,3182 4782,3176 4871,3176 4961,3170 5050,3164 5140,3158 5229,3152 5319,3152 5409,3152 5498,3152 5588,3146 5677,3152 5767,3152 5856,3152 5946,3152 6035,3152 6125,3158 6215,3146"/>
                <TextEquiv>
                    <Unicode>alle was een Ede ou at i he hil</Unicode>
                </TextEquiv>
            </TextLine>
            <TextLine id="tr_1_tl_35" custom="readingOrder {index:34;}">
                <Coords points="505,3307 1788,3339 2425,3160 3138,3228 3171,3081 2436,3016 1820,3171 1598,3092 978,3206 509,3153"/>
                <Baseline points="525,3247 579,3247 668,3241 758,3247 847,3247 937,3247 1026,3241 1116,3247 1206,3247 1295,3247 1385,3235 1474,3235 1564,3229 1653,3217 1743,3212 1832,3200 1922,3194 2011,3188 2101,3182 2191,3176 2280,3170 2370,3164 2459,3158 2549,3158 2638,3164 2728,3164 2817,3170 2907,3170 2997,3176 3086,3182 3176,3188"/>
                <TextEquiv>
                    <Unicode>fibre. de beff. en (de ſquil staande</Unicode>
                </TextEquiv>
            </TextLine>
            <TextLine id="tr_1_tl_36" custom="readingOrder {index:35;}">
                <Coords points="3844,3285 4002,3271 4052,3303 4088,3278 4138,3292 4195,3271 4295,3317 4363,3282 4403,3307 4467,3299 4467,3228 4363,3203 4331,3239 4288,3217 4227,3239 4088,3181 3991,3217 3966,3192 3840,3196"/>
                <Baseline points="3862,3265 3952,3259 4041,3259 4131,3265 4221,3271 4310,3271 4400,3265 4477,3277"/>
                <TextEquiv>
                    <Unicode>in her use.</Unicode>
                </TextEquiv>
            </TextLine>
            <TextLine id="tr_1_tl_37" custom="readingOrder {index:36;}">
                <Coords points="3561,3450 4457,3457 4783,3350 6259,3411 6284,3253 5689,3278 5521,3167 5306,3285 4571,3196 4417,3328 3561,3303"/>
                <Baseline points="3582,3355 3671,3361 3761,3373 3850,3367 3940,3367 4029,3367 4119,3367 4209,3367 4298,3367 4388,3361 4477,3349 4567,3343 4656,3337 4746,3331 4835,3331 4925,3331 5015,3331 5104,3331 5194,3337 5283,3337 5373,3337 5462,3337 5552,3343 5641,3343 5731,3349 5821,3349 5910,3355 6000,3349 6089,3355 6179,3361 6268,3367 6292,3361"/>
                <TextEquiv>
                    <Unicode>gewehrten; - Sie können. Wenn jetzt und</Unicode>
                </TextEquiv>
            </TextLine>
            <TextLine id="tr_1_tl_38" custom="readingOrder {index:37;}">
                <Coords points="441,3518 3009,3439 3016,3256 2547,3375 2107,3274 978,3428 448,3353"/>
                <Baseline points="459,3480 513,3486 603,3480 692,3480 782,3486 871,3486 961,3480 1050,3486 1140,3486 1229,3492 1319,3486 1408,3486 1498,3474 1588,3456 1677,3450 1767,3438 1856,3426 1946,3415 2035,3415 2125,3409 2214,3403 2304,3403 2394,3397 2483,3403 2573,3397 2662,3397 2752,3391 2841,3385 2931,3391 3020,3397"/>
                <TextEquiv>
                    <Unicode>Nord. n'a pas   été ces</Unicode>
                </TextEquiv>
            </TextLine>
            <TextLine id="tr_1_tl_39" custom="readingOrder {index:38;}">
                <Coords points="3579,3629 5725,3543 6391,3636 6348,3511 5725,3396 3579,3468"/>
                <Baseline points="3600,3558 3689,3558 3779,3564 3868,3564 3958,3564 4047,3564 4137,3564 4226,3564 4316,3564 4406,3564 4495,3564 4585,3558 4674,3558 4764,3558 4853,3552 4943,3552 5032,3552 5122,3552 5212,3546 5301,3546 5391,3534 5480,3534 5570,3540 5659,3540 5749,3540 5838,3546 5928,3546 6018,3552 6107,3558 6197,3570 6286,3576 6376,3594 6400,3594"/>
                <TextEquiv>
                    <Unicode>de Augentlich... Aber in beguen¬</Unicode>
                </TextEquiv>
            </TextLine>
            <TextLine id="tr_1_tl_40" custom="readingOrder {index:39;}">
                <Coords points="412,3715 3070,3629 3077,3446 2540,3525 2311,3428 1652,3489 1308,3625 416,3618"/>
                <Baseline points="435,3683 483,3677 573,3677 662,3671 752,3671 841,3671 931,3671 1020,3665 1110,3665 1200,3665 1289,3659 1379,3653 1468,3647 1558,3635 1647,3623 1737,3618 1826,3612 1916,3606 2006,3606 2095,3600 2185,3600 2274,3594 2364,3594 2453,3594 2543,3594 2632,3594 2722,3594 2812,3594 2901,3600 2991,3606 3080,3618"/>
                <TextEquiv>
                    <Unicode>Mai cle...  no year Rente lebl... rechtbe se</Unicode>
                </TextEquiv>
            </TextLine>
            <TextLine id="tr_1_tl_41" custom="readingOrder {index:40;}">
                <Coords points="3579,3823 3633,3851 3668,3830 3697,3855 3758,3848 3812,3866 3869,3826 3898,3830 3891,3686 3848,3672 3812,3683 3719,3640 3615,3679 3572,3676"/>
                <Baseline points="3594,3749 3683,3749 3773,3749 3862,3761 3904,3755"/>
                <TextEquiv>
                    <Unicode>4..</Unicode>
                </TextEquiv>
            </TextLine>
            <TextLine id="tr_1_tl_42" custom="readingOrder {index:41;}">
                <Coords points="401,3866 774,3941 2060,3823 2210,3898 2988,3869 2991,3676 2572,3629 1240,3765 408,3690"/>
                <Baseline points="423,3844 489,3844 579,3844 668,3838 758,3838 847,3838 937,3838 1026,3838 1116,3838 1206,3832 1295,3826 1385,3826 1474,3820 1564,3815 1653,3809 1743,3803 1832,3803 1922,3797 2011,3791 2101,3785 2191,3779 2280,3779 2370,3779 2459,3773 2549,3773 2638,3779 2728,3785 2817,3791 2907,3797 2997,3803"/>
                <TextEquiv>
                    <Unicode>see 1/2 be do or rea Rent. And</Unicode>
                </TextEquiv>
            </TextLine>
            <TextLine id="tr_1_tl_43" custom="readingOrder {index:42;}">
                <Coords points="2576,3987 2852,4002 2963,4045 3024,4020 3106,4034 3092,3887 3009,3876 2984,3894 2902,3869 2759,3916 2655,3894 2569,3919"/>
                <Baseline points="2591,3970 2680,3982 2770,3994 2859,4000 2949,4012 3038,4018 3110,4023"/>
                <TextEquiv>
                    <Unicode>o u ween</Unicode>
                </TextEquiv>
            </TextLine>
            <TextLine id="tr_1_tl_44" custom="readingOrder {index:43;}">
                <Coords points="3665,4073 4224,4145 4815,3994 5026,4080 5521,4009 6133,4084 6284,4059 6291,3855 3668,3909"/>
                <Baseline points="3685,4049 3701,4047 3791,4047 3880,4047 3970,4047 4059,4047 4149,4041 4238,4041 4328,4029 4418,4023 4507,4018 4597,4012 4686,4000 4776,3994 4865,3988 4955,3988 5044,3982 5134,3982 5224,3988 5313,3994 5403,3994 5492,3994 5582,3988 5671,3982 5761,3982 5850,3982 5940,3982 6030,3976 6119,3976 6209,3982 6298,3988"/>
                <TextEquiv>
                    <Unicode>Hendt mé vie en es une je néloge</Unicode>
                </TextEquiv>
            </TextLine>
        </TextRegion>
    </Page>
</PcGts>
