6856 4328
425 359 2908 739 Ei ttulit kevadr Unserte... et
338 593 3016 924 tion. daf die er beendenleb sehr
390 865 2904 1130 Sujutte ja le dt si soum, nouil.
296 1081 3061 1419 he will jegay mer... and føgt lein bon
537 1419 2130 1649 Vyndt. Leopoldue.
356 1600 2873 1830 Sie est ihn mit einem niederstobenen Bln.
446 1764 3071 2085 on; - a septi vie..... Bemerings... ka
415 1987 3033 2322 all in une Entcher treffe... ohs with
1388 2217 1775 2360 erste
415 2277 2963 2566 in Adrote papier, tabli est
439 2440 3016 2782 Wm. de de Heile Leopo
519 2730 3005 3054 Und dann ist noch
481 2991 1956 3291 Burgil feld of him.
662 3211 2221 3448 and I will so there.
582 3305 3002 3615 ... Ich hab heil.. ohneil. ein Besprech
547 3573 3131 3898 mit ihre a 5 - - konnte... seit ist.
6028 38 6355 244 201
3772 139 4204 439 Sng.
3580 359 6164 558 u. erwäglich.   ich
3587 537 6341 875 est werden kann mit leist. Jed.
3685 809 6216 1088 fell sels ich dir - - neben der in
3615 1046 6282 1394 darf: Jeuer Eine sog. Cabinetung.
3633 1283 6317 1628 ever it wohl nicht drei wert...
3591 1572 6254 1844 Aldvotur...   il wuft wullich sont
3615 1785 6418 2074 was segt ue. with cinplok Karl to
3786 2046 6324 2364 4. abt. la telt ne nnd erbot uit..... E.
3727 2315 6063 2646 sullt de bulevis ma, etc...
3793 2559 6195 2897 Et uyul d Han; - ou uleicht u
3790 2744 4773 3120 it in him
3922 3040 6464 3364 On the daifut in Antwort bolei
3779 3270 6383 3591 " The Castle & Weile... Und
3995 3591 6300 3852 neben xxx xxx
