3368 4232
2025 213 2241 378 n
1429 177 1721 348 a e
2501 434 2699 682 146
534 605 2802 901 bringt sie mir der Josef wieder zurück. Aber
543 839 2849 1078 danken werd ich dir doch dürfen,Kanaille du,
531 1013 2793 1240 wenn du mir schon einmal das Leben gerettet
531 1190 818 1399 hast.
998 1293 2893 1482 Sie sah ihn mit seligendem Entsetzen
549 1450 2761 1680 an,so dass er selbst stutzig wurde. (Und so
552 1639 2752 1834 sahen sie sich nun ein paar Sekunden lang
552 1780 2784 1999 ins Aug bis sie endlich, ohne von seiner Be-
549 1922 2917 2149 schimpfung auch nur Notiz zu nehmen. (ganz ruhig
561 2067 2899 2321 fragte: Von was für elftausend Gulden redest
546 2250 1332 2465 du eigentlich?"
1084 2397 2885 2616 „Die du dem Konsul Schnabel in mei-
561 2569 2430 2755 nem Namen/Ich hab doch die Quittung.
1010 2696 2826 2917 Sie schüttelte heftig den Kopf. Du
558 2846 2672 3085 bist ja verrückt, du meinst doch nicht im
546 3035 1772 3218 Ernet, dass ich für dich
1444 3133 1760 3233 Lervd —
1092 3171 2952 3336 „Du hast nicht dem Konsul Schnabel7.
1089 3301 2923 3490 „Was geht mich dein Konsul Schnabel
567 3410 2941 3649 an? Was gehst du mich an? Willst du vielleicht
582 3637 2920 3821 jetzt auf die Art X was ist das für eine Komö-
573 3761 1952 3945 die, die du da aufführst?“ —
1399 3862 2498 4015 We have[illegible] 11 A
