6760 4344
6012 46 6314 330 201
6008 295 6331 540 161
3129 393 3381 558 1+4
5763 403 6040 561 nant
3620 410 5689 652 Wils weisst und mit zu werden.
516 389 3188 744 auf abgegangen zwei Stunden lassen.
5805 491 6345 666 En tout
3630 617 6370 887 in ein halben hiemit entziffert;
782 723 1582 908 Nur -2
5061 807 5479 912 ecose n
1312 796 1820 982 me
3539 782 4574 1024 e ziehen wären sie
4560 838 6261 1052 meer a der Entschluß fort
551 779 3237 1147 Sie ist nicht gehöre.... ..,  Obe annehm
4560 933 5089 1112 "F.TrubyKing.
3960 954 4683 1105 at Cetil Vintz
3665 1021 6324 1242 richten Köpfe zu wenden, –
610 1112 2995 1350 S... uf.  Beruf jehnier.... wie in
4798 1150 5254 1308 onie
3683 1217 6317 1473 Versie vnhil., und mondt mit zu gehe.
614 1298 3209 1547 wurde. A fom nenen in t bt
3697 1417 6201 1617 Es we ihr der Thür, at Ocke
680 1452 3139 1782 summe  de    T
3627 1589 6261 1859 et de Vikel du nt xxx xxx
705 1642 3223 1985 It in a ue febr an
3627 1803 6450 2083 gevenkt. an Streibt dieses, zu berich.
694 1866 3395 2157 mede..  wnt einen Wie zu ick schöne.
2648 2052 2848 2175 in a
3781 1985 6268 2252 Ihr Die wohl.. Ich hat nämlich mein
831 2133 3237 2371 ...    Un vie les
5928 2189 6289 2375 same
3672 2238 6380 2483 Vaverge i ja es sich wen je nicht mehr.
638 2368 3164 2620 bille auf... en plokleit auf;
3669 2427 6268 2718 bei mir wenn Frau mein Tre
712 2557 3122 2887 S. bld wit een Will.. (T.d. L. der)
3669 2575 4483 2820 7 beschrieb
684 2750 3174 3055 I paye ue Fuhs in ao weke
3764 2729 6152 3132 Ihr liss verkendet auf hilft
775 2988 3308 3343 de gefangue me Leider de fl....
3651 2943 4651 3216 urlesd or...
3739 3122 6215 3455 H. Onkel nicht seine Hoffnung kennte.
673 3174 3094 3458 est kai -.) Une ist in die. Il en
3690 3346 6124 3585 Wils Avis... Aber... wenn... dann tre¬
677 3413 2897 3651 mit an onutte liebt. is him
3679 3606 6205 3837 Gemählen  wie dein eigni Frn Smahl
631 3630 3160 3918 wie wiedernte es ist, um so half Erben
