3448 4216
2891 418 3066 616 1 57
771 663 2829 923 lich, dass nun plötzlich wieder allerlei
712 858 2967 1016 Dinge erledigt werden mussten,die gegenüber
721 1022 2975 1223 dem, was er eigentlich vor gehabt hatte, nich
721 1206 2812 1361 tig und lächerlich erschienen. Vor einer
718 1346 3066 1510 Stunde war er noch ein Mann gewesen, über den
721 1478 3011 1621 das Schicksal zusammengeschlagen war;-in der
718 1629 2955 1825 besten Absicht, für einen Andern eigentlich,
730 1787 2935 1983 hatte er sich an den Spieltisch gesetzt, hat
727 1942 2946 2117 te sei ne eigeneMarschaft verspielt für je
710 2094 2943 2257 nen Andern, war in eine Spielschuld geraten
721 2272 2926 2397 hatte sich gewisse massen wieder ohne eige
712 2424 2914 2567 ne Schuld verkauft und erniedrigt, war zum
707 2593 3008 2774 mindesten bereit gewesen sich zu erniedrigen
712 2759 2940 2873 so weit man sich nur erniedrigen konnte, zu-
707 2882 2867 3075 gleich aber auch bereit diese Erniedrigung
710 3054 2917 3180 durch den Tod zu sühnen, ein Verlorener und
710 3189 3051 3335 zugleich ein Erhöhter, wenn nicht gar ein Held
712 3332 2923 3539 Und nun war er plötzlich wieder nichts an
704 3522 3013 3653 deres als ein kleiner Infanterieleutnant mit-
715 3656 2975 3819 einer lächellichen Gage, der von morgen Früh
