3528 4392
2326 521 2524 728 123
1357 705 1689 902 qu'Eure
614 757 2690 1060 kam diese Ruhe nicht nur von seiner Ent¬
635 923 2888 1223 schla senheit, sondern ein wenig auch davon,
635 1068 2975 1403 dass es vorläufig noch ganz von ihm abhing,
658 1188 2769 1491 ob man am Donnerstag begraben würde oder
655 1371 2865 1645 nicht. Nun aber rockte er sich hoch (fühlte
670 1511 2789 1831 sich entschlossen so unwürdige, feige, ja
672 1668 2917 1959 feige Gedanken nicht mehr aufkommen zu las-
687 1843 2949 2157 sen. Es stand fest, was er zu tun hatte. Aber
696 1980 3013 2242 nicht hier, sondern irgendwo anders, im Freien
707 2140 2932 2422 am besten. Und vorher Ordnung gemacht. Auch
716 2285 3060 2544 das Zimmer sollte keine, auch nur die leiseste
742 2469 3042 2748 ¬pur der vergangenenen Nacht zurückbehalten,
731 2571 3031 2876 niemand sollte wissen,dass er ein Frauenzim-
745 2734 3028 3007 mer bei sich gehabt hatte in dieser letzten
760 2911 3089 3159 Nacht. Wo blieb nur der Josef, fiel ihm plötz-
780 3031 3068 3354 lich ein. Er wusste ja, dass Ausrückung anbe-
777 3223 3103 3482 fohlen war,er hätte ihn ja Punkt drei wecken
789 3322 3124 3659 müssen. Und rasch öffnete er die Türe in den
804 3485 3054 3785 vorraum. Da sass der Josef auf dem ungetri-
