3416 4200
2516 334 2709 582 166
585 517 2712 768 dem letzten Sonntag - nach deinem "ineinfall".
916 723 2998 977 Ihr glaubt, der Konsul hat gegen mich falsch
453 967 913 1154 gespielt?"
942 1061 2700 1292 Die Möglichkeit ist doch nicht auszu
469 1260 2982 1443 schliedsen.Beweise haben wir selbstverständlich nicht,
476 1424 2934 1604 aber darauf kommt es - augenblicklich nicht mehr an".
987 1626 2998 1832 „Auch darüber, du entschuldigst schon, könnte
476 1825 1690 1976 man anderer Ansicht sein."
951 1919 3040 2160 Mein lieber Kasda, ich kann dir nicht verheh¬
485 2153 2883 2336 len, dass ich dein Verhalten in ###er Sache sonder-
485 2327 2931 2513 bar finde. Ich möchte dich doch darauf aufmerksam ma¬
492 2513 2921 2677 chen, dass alles, was wir unternommen haben und unter-
495 2671 2982 2867 nehmen wollen, ausschlieselich in deinem Interesse ge-
511 2912 948 3108 schieht."
1028 2976 3076 3211 „Bitte nochmale um Verzeihung,Greising, aber
309 3111 588 3313 242
521 3204 3104 3397 alles das komnt so überraschend, dass ich - - Also bitte
530 3384 1266 3596 erzähle weiter."
1099 3513 2921 3754 „Komischer Mensch“, sagte Greising kopf-
