<?xml version="1.0" encoding="UTF-8" standalone="yes"?>
<PcGts xmlns="http://schema.primaresearch.org/PAGE/gts/pagecontent/2013-07-15" xmlns:xsi="http://www.w3.org/2001/XMLSchema-instance" xsi:schemaLocation="http://schema.primaresearch.org/PAGE/gts/pagecontent/2013-07-15 http://schema.primaresearch.org/PAGE/gts/pagecontent/2013-07-15/pagecontent.xsd">
    <Metadata>
        <Creator>prov=READ-COOP:name=TrHtr:version=2.1.0:model_id=51170:date=15_08_2023_00:17</Creator>
        <Created>2023-05-10T14:46:22.193+02:00</Created>
        <LastChange>2023-08-15T00:17:35.260+02:00</LastChange>
        <TranskribusMetadata docId="1428675" pageId="55426128" pageNr="148" tsid="132831993" status="IN_PROGRESS" userId="64420" imgUrl="https://files.transkribus.eu/Get?id=NTWIQHIDINQYYILZFDHWCVWR&amp;fileType=view" xmlUrl="https://files.transkribus.eu/Get?id=WILJZJZANHGGUMRTISRONDKN" imageId="44700205"/>
    </Metadata>
    <Page imageFilename="1428675_0148.jpg" imageWidth="3592" imageHeight="4328">
        <ReadingOrder>
            <OrderedGroup id="ro_1711813177158" caption="Regions reading order">
                <RegionRefIndexed index="0" regionRef="tr_1"/>
            </OrderedGroup>
        </ReadingOrder>
        <TextRegion id="tr_1" custom="readingOrder {index:0;}">
            <Coords points="838,627 3122,627 3122,3633 838,3633"/>
            <TextLine id="tr_1_tl_1" custom="readingOrder {index:0;}">
                <Coords points="2685,690 2705,690 2716,702 2730,699 2739,710 2753,705 2765,716 2779,716 2790,705 2873,705 2875,605 2847,594 2827,600 2816,594 2787,611 2776,600 2688,591"/>
                <Baseline points="2701,683 2746,680 2790,677 2835,677 2880,677"/>
                <TextEquiv>
                    <Unicode>130</Unicode>
                </TextEquiv>
            </TextLine>
            <TextLine id="tr_1_tl_2" custom="readingOrder {index:1;}">
                <Coords points="855,858 2898,864 2861,705 1827,770 855,673"/>
                <Baseline points="871,829 916,829 961,829 1005,832 1050,832 1095,832 1140,832 1184,829 1229,832 1274,832 1319,835 1364,838 1408,835 1453,835 1498,835 1543,835 1587,832 1632,832 1677,832 1722,832 1767,832 1811,835 1856,832 1901,832 1946,835 1990,835 2035,835 2080,832 2125,832 2169,832 2214,835 2259,835 2304,835 2349,835 2393,835 2438,835 2483,832 2528,832 2572,835 2617,835 2662,835 2707,835 2752,835 2796,835 2841,838 2886,838 2904,841"/>
                <TextEquiv>
                    <Unicode>war Freude, Mut war Mut und Tod war Tod.</Unicode>
                </TextEquiv>
            </TextLine>
            <TextLine id="tr_1_tl_3" custom="readingOrder {index:2;}">
                <Coords points="1620,921 1688,912 1716,938 1764,938 1787,918 1887,935 1935,918 2006,946 2162,926 2162,881 2097,892 2029,867 1986,884 1963,861 1906,872 1810,844 1705,861 1668,889 1620,875"/>
                <Baseline points="1635,913 1680,910 1725,919 1770,916 1814,919 1859,916 1904,916 1949,916 1993,919 2038,922 2083,922 2128,919 2169,922"/>
                <TextEquiv>
                    <Unicode>¬ der gering</Unicode>
                </TextEquiv>
            </TextLine>
            <TextLine id="tr_1_tl_4" custom="readingOrder {index:3;}">
                <Coords points="1276,1006 2853,986 3006,1040 3069,1020 3066,852 2796,932 2270,864 2068,946 1273,875"/>
                <Baseline points="1292,982 1331,982 1376,984 1420,984 1465,984 1510,982 1555,982 1599,984 1644,984 1689,984 1734,984 1778,984 1823,987 1868,987 1913,987 1958,987 2002,984 2047,987 2092,987 2137,987 2181,984 2226,987 2271,987 2316,987 2360,984 2405,987 2450,987 2495,984 2540,987 2584,984 2629,987 2674,987 2719,987 2763,987 2808,987 2853,987 2898,987 2943,987 2987,984 3032,984 3077,979"/>
                <TextEquiv>
                    <Unicode>Und plötzlich stand er fix und for</Unicode>
                </TextEquiv>
            </TextLine>
            <TextLine id="tr_1_tl_5" custom="readingOrder {index:4;}">
                <Coords points="858,1190 3015,1148 3015,1074 2614,1011 858,1048"/>
                <Baseline points="874,1137 919,1140 964,1137 1008,1140 1053,1140 1098,1140 1143,1143 1187,1143 1232,1140 1277,1140 1322,1140 1367,1140 1411,1140 1456,1140 1501,1143 1546,1140 1590,1140 1635,1140 1680,1140 1725,1140 1770,1140 1814,1140 1859,1140 1904,1140 1949,1140 1993,1137 2038,1137 2083,1140 2128,1140 2172,1140 2217,1140 2262,1143 2307,1140 2352,1140 2396,1143 2441,1140 2486,1140 2531,1143 2575,1143 2620,1143 2665,1143 2710,1143 2754,1143 2799,1146 2844,1143 2889,1143 2934,1143 2978,1143 3023,1143"/>
                <TextEquiv>
                    <Unicode>tig da,ad-justiert wie zu einer Parade, nur</Unicode>
                </TextEquiv>
            </TextLine>
            <TextLine id="tr_1_tl_6" custom="readingOrder {index:5;}">
                <Coords points="850,1335 3006,1321 2975,1222 2429,1148 850,1202"/>
                <Baseline points="865,1289 910,1289 955,1289 999,1289 1044,1292 1089,1295 1134,1292 1179,1292 1223,1289 1268,1289 1313,1292 1358,1292 1402,1292 1447,1292 1492,1292 1537,1292 1581,1289 1626,1289 1671,1292 1716,1292 1761,1292 1805,1292 1850,1295 1895,1295 1940,1295 1984,1295 2029,1295 2074,1295 2119,1292 2164,1295 2208,1295 2253,1295 2298,1295 2343,1295 2387,1295 2432,1298 2477,1295 2522,1295 2566,1298 2611,1295 2656,1295 2701,1298 2746,1295 2790,1298 2835,1295 2880,1295 2925,1295 2969,1295 3011,1292"/>
                <TextEquiv>
                    <Unicode>die Feldbinde fehlte.Es war sieben uhr ge</Unicode>
                </TextEquiv>
            </TextLine>
            <TextLine id="tr_1_tl_7" custom="readingOrder {index:6;}">
                <Coords points="850,1463 2963,1489 3029,1469 3026,1307 1719,1395 847,1338"/>
                <Baseline points="865,1438 910,1438 955,1441 999,1441 1044,1441 1089,1444 1134,1444 1179,1444 1223,1447 1268,1447 1313,1444 1358,1444 1402,1444 1447,1447 1492,1447 1537,1447 1581,1447 1626,1447 1671,1447 1716,1447 1761,1450 1805,1450 1850,1447 1895,1447 1940,1447 1984,1447 2029,1447 2074,1447 2119,1447 2164,1447 2208,1447 2253,1450 2298,1450 2343,1447 2387,1447 2432,1447 2477,1447 2522,1447 2566,1447 2611,1447 2656,1447 2701,1444 2746,1444 2790,1444 2835,1444 2880,1441 2925,1441 2969,1444 3014,1447 3035,1444"/>
                <TextEquiv>
                    <Unicode>worden und nun war es höchste Zeit die Fa-</Unicode>
                </TextEquiv>
            </TextLine>
            <TextLine id="tr_1_tl_8" custom="readingOrder {index:7;}">
                <Coords points="2648,1551 2713,1546 2773,1566 2793,1543 2858,1537 2890,1554 2912,1540 2938,1560 3006,1560 3023,1577 3103,1574 3100,1494 3069,1489 3009,1514 2887,1455 2770,1506 2705,1460 2648,1460"/>
                <Baseline points="2665,1537 2710,1534 2754,1537 2799,1537 2844,1534 2889,1537 2934,1540 2978,1543 3023,1543 3068,1543 3107,1543"/>
                <TextEquiv>
                    <Unicode>it. It was</Unicode>
                </TextEquiv>
            </TextLine>
            <TextLine id="tr_1_tl_9" custom="readingOrder {index:8;}">
                <Coords points="852,1614 2955,1622 2955,1548 2449,1477 852,1526"/>
                <Baseline points="868,1599 913,1596 958,1599 1002,1599 1047,1599 1092,1599 1137,1599 1181,1599 1226,1599 1271,1599 1316,1596 1361,1596 1405,1596 1450,1599 1495,1599 1540,1599 1584,1599 1629,1599 1674,1599 1719,1599 1764,1596 1808,1596 1853,1599 1898,1602 1943,1599 1987,1602 2032,1602 2077,1602 2122,1602 2166,1599 2211,1599 2256,1602 2301,1602 2346,1602 2390,1602 2435,1602 2480,1602 2525,1602 2569,1602 2614,1605 2659,1602 2704,1605 2749,1602 2793,1602 2838,1602 2883,1602 2928,1602 2963,1605"/>
                <TextEquiv>
                    <Unicode>serne zu verlassen, dieses Zimmer, das man</Unicode>
                </TextEquiv>
            </TextLine>
            <TextLine id="tr_1_tl_10" custom="readingOrder {index:9;}">
                <Coords points="1534,1682 1585,1693 1622,1668 1651,1682 1682,1668 1710,1688 1762,1668 1816,1699 1858,1679 1901,1696 1946,1688 1943,1611 1912,1602 1898,1622 1847,1614 1830,1631 1790,1631 1750,1605 1722,1625 1614,1608 1591,1631 1531,1611"/>
                <Baseline points="1549,1665 1593,1668 1638,1665 1683,1668 1728,1668 1772,1668 1817,1671 1862,1674 1907,1680 1949,1680"/>
                <TextEquiv>
                    <Unicode>wirwerk</Unicode>
                </TextEquiv>
            </TextLine>
            <TextLine id="tr_1_tl_11" custom="readingOrder {index:10;}">
                <Coords points="850,1790 2921,1793 3091,1764 3091,1645 2898,1719 2756,1625 2179,1628 1966,1705 850,1673"/>
                <Baseline points="865,1749 910,1749 955,1752 999,1752 1044,1752 1089,1755 1134,1752 1179,1752 1223,1752 1268,1752 1313,1752 1358,1752 1402,1752 1447,1752 1492,1755 1537,1755 1581,1758 1626,1758 1671,1758 1716,1758 1761,1758 1805,1758 1850,1758 1895,1758 1940,1758 1984,1755 2029,1755 2074,1752 2119,1755 2164,1752 2208,1755 2253,1752 2298,1755 2343,1752 2387,1752 2432,1755 2477,1755 2522,1758 2566,1758 2611,1758 2656,1758 2701,1761 2746,1761 2790,1758 2835,1758 2880,1758 2925,1758 2969,1758 3014,1758 3059,1755 3098,1761"/>
                <TextEquiv>
                    <Unicode>vielleicht niemals wiedersehen würde,es sei</Unicode>
                </TextEquiv>
            </TextLine>
            <TextLine id="tr_1_tl_12" custom="readingOrder {index:11;}">
                <Coords points="850,1921 2546,1975 2881,1952 2935,1796 850,1850"/>
                <Baseline points="865,1907 910,1907 955,1904 999,1907 1044,1910 1089,1910 1134,1910 1179,1907 1223,1907 1268,1907 1313,1907 1358,1907 1402,1907 1447,1907 1492,1907 1537,1910 1581,1907 1626,1907 1671,1907 1716,1910 1761,1910 1805,1910 1850,1910 1895,1907 1940,1910 1984,1910 2029,1910 2074,1907 2119,1907 2164,1910 2208,1907 2253,1910 2298,1907 2343,1907 2387,1907 2432,1910 2477,1907 2522,1907 2566,1910 2611,1910 2656,1910 2701,1910 2746,1913 2790,1910 2835,1910 2880,1910 2925,1907 2940,1907"/>
                <TextEquiv>
                    <Unicode>denn, dass der Konsul vielleicht doch mit</Unicode>
                </TextEquiv>
            </TextLine>
            <TextLine id="tr_1_tl_13" custom="readingOrder {index:12;}">
                <Coords points="844,2080 975,2111 1063,2068 1242,2125 1452,2085 1793,2114 1793,1943 1642,1992 1441,1955 1361,1983 844,1969"/>
                <Baseline points="859,2065 904,2062 949,2062 993,2062 1038,2062 1083,2065 1128,2062 1173,2062 1217,2062 1262,2062 1307,2059 1352,2062 1396,2062 1441,2062 1486,2062 1531,2065 1575,2065 1620,2065 1665,2062 1710,2062 1755,2065 1796,2065"/>
                <TextEquiv>
                    <Unicode>sich reden liesse.</Unicode>
                </TextEquiv>
            </TextLine>
            <TextLine id="tr_1_tl_14" custom="readingOrder {index:13;}">
                <Coords points="1259,2267 1384,2321 1796,2239 1946,2284 3034,2245 3034,2151 2739,2085 1259,2105"/>
                <Baseline points="1274,2211 1319,2214 1364,2217 1408,2214 1453,2217 1498,2217 1543,2217 1587,2217 1632,2217 1677,2217 1722,2217 1767,2220 1811,2217 1856,2217 1901,2217 1946,2217 1990,2220 2035,2217 2080,2217 2125,2217 2169,2217 2214,2217 2259,2217 2304,2220 2349,2217 2393,2217 2438,2217 2483,2217 2528,2217 2572,2217 2617,2220 2662,2223 2707,2223 2752,2223 2796,2223 2841,2220 2886,2220 2931,2217 2975,2217 3020,2217 3041,2211"/>
                <TextEquiv>
                    <Unicode>Er biss die Zähne zusammen,drückte</Unicode>
                </TextEquiv>
            </TextLine>
            <TextLine id="tr_1_tl_15" custom="readingOrder {index:14;}">
                <Coords points="841,2398 2926,2401 2782,2256 841,2282"/>
                <Baseline points="856,2369 901,2369 946,2369 990,2369 1035,2372 1080,2372 1125,2372 1170,2372 1214,2372 1259,2372 1304,2375 1349,2375 1393,2375 1438,2375 1483,2375 1528,2375 1573,2372 1617,2372 1662,2372 1707,2372 1752,2372 1796,2372 1841,2372 1886,2372 1931,2372 1975,2372 2020,2369 2065,2372 2110,2372 2155,2372 2199,2372 2244,2372 2289,2372 2334,2372 2378,2372 2423,2372 2468,2372 2513,2372 2557,2375 2602,2375 2647,2378 2692,2378 2737,2378 2781,2378 2826,2375 2871,2375 2916,2378 2931,2378"/>
                <TextEquiv>
                    <Unicode>die Augen zu, als wäre er ertappt worden.</Unicode>
                </TextEquiv>
            </TextLine>
            <TextLine id="tr_1_tl_16" custom="readingOrder {index:15;}">
                <Coords points="1463,2469 1514,2475 1523,2466 1537,2475 1551,2466 1580,2480 1597,2480 1597,2415 1577,2412 1557,2421 1546,2418 1526,2429 1489,2421 1477,2432 1463,2432"/>
                <Baseline points="1480,2459 1525,2459 1570,2459 1605,2459"/>
                <TextEquiv>
                    <Unicode>d of</Unicode>
                </TextEquiv>
            </TextLine>
            <TextLine id="tr_1_tl_17" custom="readingOrder {index:16;}">
                <Coords points="830,2551 2765,2580 2887,2560 2887,2401 830,2466"/>
                <Baseline points="844,2522 889,2525 934,2528 979,2525 1023,2528 1068,2528 1113,2528 1158,2528 1202,2528 1247,2525 1292,2528 1337,2525 1381,2525 1426,2528 1471,2528 1516,2531 1561,2534 1605,2534 1650,2534 1695,2531 1740,2531 1784,2528 1829,2528 1874,2528 1919,2528 1964,2528 2008,2525 2053,2528 2098,2528 2143,2528 2187,2528 2232,2528 2277,2528 2322,2534 2366,2528 2411,2531 2456,2531 2501,2528 2546,2525 2590,2528 2635,2528 2680,2528 2725,2528 2769,2531 2814,2531 2859,2531 2892,2528"/>
                <TextEquiv>
                    <Unicode>Das also war es, darum sah er dem Tod so</Unicode>
                </TextEquiv>
            </TextLine>
            <TextLine id="tr_1_tl_18" custom="readingOrder {index:17;}">
                <Coords points="835,2694 2750,2742 3114,2708 3114,2577 835,2600"/>
                <Baseline points="850,2686 895,2680 940,2680 984,2680 1029,2680 1074,2680 1119,2683 1164,2680 1208,2680 1253,2680 1298,2683 1343,2683 1387,2683 1432,2683 1477,2686 1522,2686 1567,2689 1611,2692 1656,2689 1701,2692 1746,2689 1790,2689 1835,2686 1880,2686 1925,2683 1969,2683 2014,2683 2059,2680 2104,2683 2149,2683 2193,2683 2238,2686 2283,2683 2328,2683 2372,2686 2417,2683 2462,2683 2507,2683 2552,2683 2596,2686 2641,2686 2686,2686 2731,2686 2775,2686 2820,2689 2865,2686 2910,2686 2954,2686 2999,2686 3044,2689 3089,2692 3122,2695"/>
                <TextEquiv>
                    <Unicode>freudig ins Auge, darum war er ein Held.Nein,</Unicode>
                </TextEquiv>
            </TextLine>
            <TextLine id="tr_1_tl_19" custom="readingOrder {index:18;}">
                <Coords points="835,2881 2884,2895 2978,2881 2978,2716 835,2753"/>
                <Baseline points="850,2835 880,2835 925,2838 970,2838 1014,2838 1059,2838 1104,2838 1149,2838 1193,2838 1238,2841 1283,2841 1328,2841 1373,2841 1417,2841 1462,2838 1507,2838 1552,2841 1596,2847 1641,2847 1686,2844 1731,2844 1775,2844 1820,2844 1865,2841 1910,2844 1955,2844 1999,2844 2044,2844 2089,2844 2134,2841 2178,2841 2223,2841 2268,2841 2313,2841 2358,2841 2402,2844 2447,2841 2492,2841 2537,2841 2581,2841 2626,2841 2671,2844 2716,2844 2760,2841 2805,2841 2850,2841 2895,2838 2940,2835 2984,2829"/>
                <TextEquiv>
                    <Unicode>das nicht.Es war ja nicht so dringend nö-</Unicode>
                </TextEquiv>
            </TextLine>
            <TextLine id="tr_1_tl_20" custom="readingOrder {index:19;}">
                <Coords points="841,2998 2009,3060 3012,3012 3009,2858 841,2881"/>
                <Baseline points="856,2987 901,2990 946,2993 990,2993 1035,2996 1080,2999 1125,2999 1170,2996 1214,2993 1259,2993 1304,2993 1349,2993 1393,2996 1438,2999 1483,2999 1528,2996 1573,2993 1617,2993 1662,2993 1707,2996 1752,2999 1796,2996 1841,2996 1886,2996 1931,2996 1975,2993 2020,2993 2065,2993 2110,2993 2155,2996 2199,2996 2244,2996 2289,2999 2334,2996 2378,2996 2423,2999 2468,2999 2513,2999 2557,2999 2602,2996 2647,2996 2692,2999 2737,2999 2781,2999 2826,2999 2871,2996 2916,2996 2960,2993 3005,2990 3020,2990"/>
                <TextEquiv>
                    <Unicode>tig sich gerade im Bureau des Herrn Sohna-</Unicode>
                </TextEquiv>
            </TextLine>
            <TextLine id="tr_1_tl_21" custom="readingOrder {index:20;}">
                <Coords points="824,3165 3052,3222 3052,3032 2980,3012 824,3034"/>
                <Baseline points="841,3146 886,3146 931,3148 976,3148 1020,3151 1065,3148 1110,3148 1155,3151 1199,3151 1244,3151 1289,3151 1334,3151 1378,3148 1423,3148 1468,3148 1513,3148 1558,3148 1602,3151 1647,3148 1692,3151 1737,3151 1781,3151 1826,3154 1871,3151 1916,3151 1961,3151 2005,3151 2050,3148 2095,3151 2140,3154 2184,3154 2229,3151 2274,3151 2319,3151 2363,3154 2408,3154 2453,3151 2498,3151 2543,3148 2587,3151 2632,3151 2677,3151 2722,3151 2766,3151 2811,3151 2856,3151 2901,3151 2946,3151 2990,3148 3035,3143 3059,3146"/>
                <TextEquiv>
                    <Unicode>bel sich einen Kugel in den vopf zu schies-</Unicode>
                </TextEquiv>
            </TextLine>
            <TextLine id="tr_1_tl_22" custom="readingOrder {index:21;}">
                <Coords points="838,3350 3040,3316 3040,3211 2850,3168 838,3179"/>
                <Baseline points="853,3307 898,3304 943,3304 987,3304 1032,3307 1077,3304 1122,3304 1167,3307 1211,3307 1256,3304 1301,3304 1346,3304 1390,3304 1435,3304 1480,3304 1525,3304 1570,3304 1614,3304 1659,3304 1704,3307 1749,3307 1793,3307 1838,3307 1883,3307 1928,3307 1972,3307 2017,3307 2062,3307 2107,3310 2152,3307 2196,3304 2241,3304 2286,3307 2331,3307 2375,3307 2420,3304 2465,3304 2510,3307 2555,3307 2599,3304 2644,3304 2689,3307 2734,3307 2778,3307 2823,3310 2868,3307 2913,3304 2957,3304 3002,3301 3047,3295"/>
                <TextEquiv>
                    <Unicode>sen.pas konnte man ebenso gut und anständi</Unicode>
                </TextEquiv>
            </TextLine>
            <TextLine id="tr_1_tl_23" custom="readingOrder {index:22;}">
                <Coords points="835,3498 2719,3512 3034,3486 3034,3321 835,3350"/>
                <Baseline points="850,3474 889,3468 934,3465 979,3465 1023,3465 1068,3459 1113,3462 1158,3459 1202,3462 1247,3459 1292,3459 1337,3459 1381,3459 1426,3459 1471,3459 1516,3459 1561,3462 1605,3459 1650,3462 1695,3462 1740,3462 1784,3462 1829,3465 1874,3462 1919,3465 1964,3465 2008,3465 2053,3462 2098,3462 2143,3462 2187,3462 2232,3462 2277,3459 2322,3459 2366,3459 2411,3459 2456,3459 2501,3459 2546,3459 2590,3459 2635,3462 2680,3462 2725,3462 2769,3462 2814,3465 2859,3462 2904,3462 2949,3462 2993,3459 3038,3453"/>
                <TextEquiv>
                    <Unicode>ger im Freien besorgen. Oder hier in diesem</Unicode>
                </TextEquiv>
            </TextLine>
            <TextLine id="tr_1_tl_24" custom="readingOrder {index:23;}">
                <Coords points="821,3662 2955,3662 3012,3509 821,3540"/>
                <Baseline points="838,3620 871,3617 916,3617 961,3617 1005,3614 1050,3614 1095,3617 1140,3617 1184,3617 1229,3617 1274,3617 1319,3620 1364,3617 1408,3620 1453,3620 1498,3620 1543,3620 1587,3620 1632,3620 1677,3620 1722,3623 1767,3620 1811,3620 1856,3620 1901,3620 1946,3620 1990,3620 2035,3617 2080,3617 2125,3617 2169,3617 2214,3617 2259,3617 2304,3617 2349,3620 2393,3617 2438,3617 2483,3617 2528,3617 2572,3617 2617,3617 2662,3617 2707,3617 2752,3620 2796,3620 2841,3620 2886,3620 2931,3620 2975,3614 3020,3605"/>
                <TextEquiv>
                    <Unicode>Zimmer. Das war das Korrekteste. Und die An-</Unicode>
                </TextEquiv>
            </TextLine>
        </TextRegion>
    </Page>
</PcGts>
