6824 4328
5987 48 6353 296 201
6119 267 6536 465 1&1
3647 263 6353 662 soman... Ir Liebe zu weilen...  Uhr
2908 322 3281 519 11th
3643 465 6353 823 a nt it in tifilke. Wll kan. Her
494 344 3021 739 eulfer inde komne 4. -
3548 666 6346 1024 Dr J. C. Ry. M. 8 9...  Mr, Elmeland
399 717 3050 1028 de felles d Ha hiell, ubussi
3614 929 6243 1265 He had he indeed... We is
2198 889 2648 1101 fiehri. ^
406 958 3350 1313 in ploglei eine fortweiligkeit Nägerte
4232 1119 5011 1284 is in be up
1986 1159 2608 1324 gehlen.
3595 1116 6203 1522 Here min... Jelt fiel iti ein, da
410 1247 3120 1500 - erschloss nicht u. h. zu neben -
3526 1412 6291 1792 Leopo j wt dembit in han uit
380 1441 3248 1767 in fit. his in eil de thefe - i wolle
3508 1613 6126 1993 xx Esqr is compts with in
417 1697 3255 1960 witt de I. de sa p alle telle in
3515 1873 6364 2282 envoi.. Solle & je - En alle Bibernt.
446 1942 3138 2246 2. ilt   ƒ  Hove nenbar &c
3533 2129 6393 2568 Ode   in Furetayelgent   ied
432 2151 2897 2432 and until enbewing pence oupre
3914 2333 4334 2487 nefte
768 2337 1214 2505 in the
3522 2425 6306 2805 elis in him at L Herr or Hornich
391 2410 2933 2703 eve fiastons - mit jeden en
3614 2692 6035 3058 Hul. che n'est xyz
490 2641 2849 2930 Rolplas gelegen. El.c.d.
3522 2857 6207 3343 offre uit en Thin, an de in aller
468 2867 3072 3325 repp tient -  not c dort ein
3551 3219 5947 3511 sel bes bed ong, bevel met
421 3193 2988 3493 Thechaft Crreging
3508 3328 6145 3789 in Arlertat kan, but - but
446 3489 2882 3818 Frohergebtee.. Ein Frau Eingang
4213 3672 5903 3987 a) xxx, u
439 3738 2944 4056 Seer offsch; und da sinde zum Offer
3745 3939 6057 4140 vor der,-il sicem, -ci
