<?xml version="1.0" encoding="UTF-8" standalone="yes"?>
<PcGts xmlns="http://schema.primaresearch.org/PAGE/gts/pagecontent/2013-07-15" xmlns:xsi="http://www.w3.org/2001/XMLSchema-instance" xsi:schemaLocation="http://schema.primaresearch.org/PAGE/gts/pagecontent/2013-07-15 http://schema.primaresearch.org/PAGE/gts/pagecontent/2013-07-15/pagecontent.xsd">
    <Metadata>
        <Creator>prov=READ-COOP:name=TrHtr:version=2.1.0:model_id=51170:date=15_08_2023_00:17</Creator>
        <Created>2023-05-10T14:46:10.416+02:00</Created>
        <LastChange>2023-08-15T00:17:03.811+02:00</LastChange>
        <TranskribusMetadata docId="1428675" pageId="55425541" pageNr="80" tsid="132831923" status="IN_PROGRESS" userId="64420" imgUrl="https://files.transkribus.eu/Get?id=AXUEIZQGQIMQYZPXZKYQTKZA&amp;fileType=view" xmlUrl="https://files.transkribus.eu/Get?id=BUVLUNFPEUEHWISUDTTOPVID" imageId="44699618"/>
    </Metadata>
    <Page imageFilename="1428675_0080.jpg" imageWidth="6856" imageHeight="4328">
        <ReadingOrder>
            <OrderedGroup id="ro_1711812925726" caption="Regions reading order">
                <RegionRefIndexed index="0" regionRef="tr_1"/>
                <RegionRefIndexed index="1" regionRef="tr_2"/>
            </OrderedGroup>
        </ReadingOrder>
        <TextRegion id="tr_1" custom="readingOrder {index:0;}">
            <Coords points="286,421 3223,421 3223,4045 286,4045"/>
            <TextLine id="tr_1_tl_1" custom="readingOrder {index:0;}">
                <Coords points="801,613 1501,633 1734,515 2457,562 2824,481 3087,549 3090,333 2444,310 1828,458 805,404"/>
                <Baseline points="823,495 859,495 949,495 1038,501 1128,501 1217,501 1307,501 1396,501 1486,495 1575,495 1665,495 1755,495 1844,495 1934,495 2023,489 2113,489 2202,489 2292,483 2381,477 2471,471 2560,471 2650,471 2740,471 2829,471 2919,471 3008,471 3098,471"/>
                <TextEquiv>
                    <Unicode>C.C.R. 11...    2  hvistels</Unicode>
                </TextEquiv>
            </TextLine>
            <TextLine id="tr_1_tl_2" custom="readingOrder {index:1;}">
                <Coords points="273,542 343,559 367,532 407,545 448,525 475,539 525,512 562,542 623,552 677,532 663,357 613,367 576,350 522,374 471,337 448,357 384,347 327,384 259,374"/>
                <Baseline points="286,477 376,477 465,471 555,489 644,501 680,507"/>
                <TextEquiv>
                    <Unicode>16 4 A</Unicode>
                </TextEquiv>
            </TextLine>
            <TextLine id="tr_1_tl_3" custom="readingOrder {index:2;}">
                <Coords points="327,784 377,794 451,747 505,737 569,774 609,778 623,552 579,535 542,566 505,549 478,569 451,545 421,552 340,518"/>
                <Baseline points="352,668 441,668 531,662 620,656"/>
                <TextEquiv>
                    <Unicode>166</Unicode>
                </TextEquiv>
            </TextLine>
            <TextLine id="tr_1_tl_4" custom="readingOrder {index:3;}">
                <Coords points="576,906 2265,764 2885,798 2945,636 2558,566 2090,683 589,656"/>
                <Baseline points="596,853 614,847 704,847 793,847 883,841 973,835 1062,829 1152,829 1241,823 1331,817 1420,805 1510,799 1599,787 1689,787 1778,782 1868,782 1958,782 2047,776 2137,770 2226,758 2316,752 2405,746 2495,746 2584,746 2674,740 2763,740 2853,740 2943,740"/>
                <TextEquiv>
                    <Unicode>dieser einige keuerte 1 heille</Unicode>
                </TextEquiv>
            </TextLine>
            <TextLine id="tr_1_tl_5" custom="readingOrder {index:4;}">
                <Coords points="394,1087 2525,1000 2764,963 2774,788 2319,892 1118,848 727,983 407,909"/>
                <Baseline points="411,1080 447,1080 537,1068 626,1062 716,1062 805,1050 895,1050 984,1044 1074,1044 1164,1038 1253,1026 1343,1020 1432,1008 1522,996 1611,990 1701,984 1790,979 1880,979 1969,973 2059,967 2149,961 2238,955 2328,943 2417,937 2507,931 2596,925 2686,919 2775,919"/>
                <TextEquiv>
                    <Unicode>be irgendal Theill bei 0</Unicode>
                </TextEquiv>
            </TextLine>
            <TextLine id="tr_1_tl_6" custom="readingOrder {index:5;}">
                <Coords points="471,1293 2865,1175 3013,1134 3023,966 2643,1081 481,1111"/>
                <Baseline points="489,1271 513,1265 602,1265 692,1259 782,1247 871,1247 961,1241 1050,1235 1140,1229 1229,1223 1319,1217 1408,1205 1498,1199 1587,1187 1677,1181 1767,1176 1856,1170 1946,1158 2035,1158 2125,1158 2214,1152 2304,1152 2393,1146 2483,1140 2572,1134 2662,1134 2752,1134 2841,1128 2931,1128 3020,1128"/>
                <TextEquiv>
                    <Unicode>bei sein Fr.. nicht intermeten sol.</Unicode>
                </TextEquiv>
            </TextLine>
            <TextLine id="tr_1_tl_7" custom="readingOrder {index:6;}">
                <Coords points="1902,1276 1952,1293 2003,1286 2030,1306 2050,1299 2064,1316 2127,1272 2171,1266 2175,1175 2121,1182 2037,1229 1989,1208 1973,1219 1939,1192 1905,1192"/>
                <Baseline points="1922,1271 1999,1277 2089,1265 2178,1265"/>
                <TextEquiv>
                    <Unicode>in</Unicode>
                </TextEquiv>
            </TextLine>
            <TextLine id="tr_1_tl_8" custom="readingOrder {index:7;}">
                <Coords points="512,1508 815,1474 1007,1589 1357,1434 2861,1414 3013,1390 3020,1235 2865,1198 2572,1316 1555,1225 518,1323"/>
                <Baseline points="531,1474 602,1468 692,1468 782,1462 871,1456 961,1456 1050,1444 1140,1432 1229,1432 1319,1426 1408,1426 1498,1420 1587,1420 1677,1414 1767,1408 1856,1402 1946,1396 2035,1396 2125,1390 2214,1390 2304,1378 2393,1367 2483,1367 2572,1367 2662,1367 2752,1373 2841,1373 2931,1378 3020,1378"/>
                <TextEquiv>
                    <Unicode>u deux; - ce sat vieleur ci. de</Unicode>
                </TextEquiv>
            </TextLine>
            <TextLine id="tr_1_tl_9" custom="readingOrder {index:8;}">
                <Coords points="451,1703 2289,1602 2895,1660 2905,1431 2313,1447 2037,1589 461,1525"/>
                <Baseline points="471,1695 489,1689 579,1695 668,1689 758,1683 847,1683 937,1677 1026,1677 1116,1665 1205,1653 1295,1653 1384,1647 1474,1647 1564,1647 1653,1641 1743,1635 1832,1629 1922,1623 2011,1611 2101,1611 2190,1605 2280,1599 2369,1593 2459,1587 2549,1581 2638,1587 2728,1587 2817,1593 2907,1593"/>
                <TextEquiv>
                    <Unicode>me dees mertesd ee kundt</Unicode>
                </TextEquiv>
            </TextLine>
            <TextLine id="tr_1_tl_10" custom="readingOrder {index:9;}">
                <Coords points="2030,1737 2060,1747 2111,1727 2161,1767 2191,1754 2249,1771 2252,1676 2212,1673 2195,1686 2138,1693 2124,1680 2107,1683 2090,1666 2074,1673 2033,1666"/>
                <Baseline points="2047,1719 2077,1719 2166,1719 2256,1713"/>
                <TextEquiv>
                    <Unicode>in</Unicode>
                </TextEquiv>
            </TextLine>
            <TextLine id="tr_1_tl_11" custom="readingOrder {index:10;}">
                <Coords points="512,1963 2629,1841 3151,1952 3158,1811 2740,1636 2168,1767 1653,1660 518,1784"/>
                <Baseline points="531,1934 567,1928 656,1934 746,1940 835,1934 925,1928 1014,1928 1104,1922 1193,1922 1283,1916 1373,1910 1462,1904 1552,1898 1641,1892 1731,1886 1820,1880 1910,1874 1999,1874 2089,1868 2178,1868 2268,1856 2358,1850 2447,1850 2537,1844 2626,1838 2716,1844 2805,1856 2895,1868 2984,1886 3074,1904 3163,1910"/>
                <TextEquiv>
                    <Unicode>bei Cvul zilbt ou et Avendl</Unicode>
                </TextEquiv>
            </TextLine>
            <TextLine id="tr_1_tl_12" custom="readingOrder {index:11;}">
                <Coords points="458,2208 1219,2309 1865,2127 2969,2175 3050,1996 2602,1912 1996,2074 1717,1946 1400,2074 1148,1969 461,2134"/>
                <Baseline points="477,2184 543,2190 632,2196 722,2196 811,2190 901,2190 990,2190 1080,2178 1170,2184 1259,2178 1349,2172 1438,2166 1528,2161 1617,2149 1707,2143 1796,2131 1886,2119 1975,2113 2065,2113 2155,2107 2244,2101 2334,2095 2423,2089 2513,2089 2602,2083 2692,2089 2781,2095 2871,2107 2960,2119 3050,2131"/>
                <TextEquiv>
                    <Unicode>auf Elhr)  heb  ier</Unicode>
                </TextEquiv>
            </TextLine>
            <TextLine id="tr_1_tl_13" custom="readingOrder {index:12;}">
                <Coords points="485,2488 2531,2417 2713,2333 2932,2414 3053,2380 3060,2249 2878,2303 2592,2218 2404,2303 1828,2158 1202,2373 495,2292"/>
                <Baseline points="507,2429 555,2435 644,2435 734,2435 823,2429 913,2429 1002,2423 1092,2423 1181,2423 1271,2411 1361,2411 1450,2399 1540,2399 1629,2393 1719,2381 1808,2375 1898,2363 1987,2352 2077,2346 2166,2340 2256,2340 2346,2334 2435,2334 2525,2328 2614,2328 2704,2328 2793,2340 2883,2346 2972,2346 3062,2352"/>
                <TextEquiv>
                    <Unicode>Versin weis. Sieée die wol</Unicode>
                </TextEquiv>
            </TextLine>
            <TextLine id="tr_1_tl_14" custom="readingOrder {index:13;}">
                <Coords points="508,2720 2683,2545 3003,2599 3191,2565 3195,2461 2121,2387 1909,2504 1548,2424 764,2565 518,2498"/>
                <Baseline points="531,2644 602,2650 692,2644 782,2644 871,2632 961,2632 1050,2626 1140,2614 1229,2614 1319,2614 1408,2614 1498,2614 1587,2608 1677,2602 1767,2596 1856,2584 1946,2572 2035,2572 2125,2560 2214,2560 2304,2555 2393,2555 2483,2555 2572,2549 2662,2543 2752,2543 2841,2543 2931,2555 3020,2555 3110,2560 3199,2555"/>
                <TextEquiv>
                    <Unicode>I as it ohne weilre Särver this..</Unicode>
                </TextEquiv>
            </TextLine>
            <TextLine id="tr_1_tl_15" custom="readingOrder {index:14;}">
                <Coords points="596,2888 1717,2949 1905,2838 2643,2834 3124,2919 3161,2720 2932,2676 2659,2767 2225,2666 1737,2737 1410,2629 596,2824"/>
                <Baseline points="614,2859 704,2859 793,2865 883,2865 973,2871 1062,2865 1152,2859 1241,2865 1331,2859 1420,2853 1510,2853 1599,2847 1689,2847 1778,2841 1868,2835 1958,2835 2047,2829 2137,2835 2226,2829 2316,2829 2405,2835 2495,2835 2584,2835 2674,2835 2763,2835 2853,2841 2943,2853 3032,2859 3122,2871 3169,2865"/>
                <TextEquiv>
                    <Unicode>Uw. wis i regeble et tel.</Unicode>
                </TextEquiv>
            </TextLine>
            <TextLine id="tr_1_tl_16" custom="readingOrder {index:15;}">
                <Coords points="592,3117 1044,3205 1525,3077 2912,3040 2915,2956 2414,2851 1905,2945 603,2905"/>
                <Baseline points="614,3080 680,3098 770,3110 859,3110 949,3110 1038,3104 1128,3104 1217,3104 1307,3092 1396,3086 1486,3074 1575,3074 1665,3062 1755,3062 1844,3056 1934,3056 2023,3056 2113,3056 2202,3056 2292,3050 2381,3044 2471,3032 2560,3026 2650,3020 2740,3026 2829,3026 2919,3020"/>
                <TextEquiv>
                    <Unicode>Wll giebt de Artill... Manl.</Unicode>
                </TextEquiv>
            </TextLine>
            <TextLine id="tr_1_tl_17" custom="readingOrder {index:16;}">
                <Coords points="360,3393 2754,3302 3070,3188 2164,3060 1569,3114 1272,3285 976,3296 603,3147 370,3205"/>
                <Baseline points="382,3343 388,3348 477,3348 567,3348 656,3343 746,3343 835,3348 925,3343 1014,3343 1104,3337 1193,3331 1283,3319 1373,3313 1462,3313 1552,3295 1641,3289 1731,3283 1820,3283 1910,3277 1999,3277 2089,3271 2178,3265 2268,3259 2358,3253 2447,3241 2537,3241 2626,3235 2716,3235 2805,3229 2895,3229 2984,3223 3074,3223"/>
                <TextEquiv>
                    <Unicode>her twint, hills i. met d beke.</Unicode>
                </TextEquiv>
            </TextLine>
            <TextLine id="tr_1_tl_18" custom="readingOrder {index:17;}">
                <Coords points="680,3561 2417,3615 2717,3531 3201,3612 3205,3363 2710,3434 2003,3309 1316,3528 909,3343 683,3353"/>
                <Baseline points="698,3551 787,3563 877,3563 967,3557 1056,3557 1146,3557 1235,3557 1325,3551 1414,3551 1504,3545 1593,3545 1683,3545 1772,3545 1862,3545 1952,3545 2041,3540 2131,3540 2220,3534 2310,3534 2399,3528 2489,3528 2578,3528 2668,3528 2757,3528 2847,3534 2937,3540 3026,3545 3116,3557 3205,3575 3211,3581"/>
                <TextEquiv>
                    <Unicode>hils    -   Existoort wicht verloren.</Unicode>
                </TextEquiv>
            </TextLine>
            <TextLine id="tr_1_tl_19" custom="readingOrder {index:18;}">
                <Coords points="495,3844 1084,3774 2508,3817 2912,3757 2915,3625 2195,3548 1791,3716 1464,3551 1000,3629 693,3555 498,3636"/>
                <Baseline points="513,3760 590,3778 680,3778 770,3778 859,3784 949,3778 1038,3778 1128,3772 1217,3772 1307,3772 1396,3766 1486,3766 1575,3766 1665,3766 1755,3766 1844,3766 1934,3766 2023,3760 2113,3754 2202,3748 2292,3737 2381,3737 2471,3731 2560,3725 2650,3725 2740,3731 2829,3731 2919,3731"/>
                <TextEquiv>
                    <Unicode>&amp; Ont.. On d with.</Unicode>
                </TextEquiv>
            </TextLine>
            <TextLine id="tr_1_tl_20" custom="readingOrder {index:19;}">
                <Coords points="603,4006 1730,4063 2471,3982 3171,4066 3215,3898 1909,3774 599,3797"/>
                <Baseline points="620,3981 710,3981 799,3987 889,3987 979,3981 1068,3981 1158,3987 1247,3987 1337,3993 1426,3999 1516,3999 1605,3999 1695,3999 1784,3999 1874,4005 1964,4005 2053,4005 2143,3999 2232,3999 2322,3993 2411,3987 2501,3981 2590,3975 2680,3975 2769,3981 2859,3987 2949,3999 3038,4011 3128,4017 3217,4035 3223,4035"/>
                <TextEquiv>
                    <Unicode>" U but'Alyplee" a Remuer -</Unicode>
                </TextEquiv>
            </TextLine>
        </TextRegion>
        <TextRegion id="tr_2" custom="readingOrder {index:1;}">
            <Coords points="3605,260 6387,260 6387,4063 3605,4063"/>
            <TextLine id="tr_2_tl_1" custom="readingOrder {index:0;}">
                <Coords points="3582,374 3605,370 3642,397 3679,377 3713,404 3737,387 3760,387 3770,401 3797,390 3811,404 3861,404 3875,252 3814,212 3757,199 3737,212 3713,205 3622,259 3588,256"/>
                <Baseline points="3605,328 3695,328 3784,322 3874,310"/>
                <TextEquiv>
                    <Unicode>16 &amp;</Unicode>
                </TextEquiv>
            </TextLine>
            <TextLine id="tr_2_tl_2" custom="readingOrder {index:1;}">
                <Coords points="3875,515 4541,512 4797,616 5659,454 6315,485 6386,310 6093,195 5443,380 5049,249 4430,401 4130,286 3878,414"/>
                <Baseline points="3898,477 3969,471 4059,471 4148,471 4238,471 4328,471 4417,465 4507,465 4596,465 4686,465 4775,465 4865,459 4954,453 5044,441 5133,441 5223,441 5312,435 5402,435 5492,435 5581,429 5671,429 5760,423 5850,417 5939,417 6029,417 6118,417 6208,423 6297,435 6387,441"/>
                <TextEquiv>
                    <Unicode>Octr... nel Glück...sagte der Onkol.</Unicode>
                </TextEquiv>
            </TextLine>
            <TextLine id="tr_2_tl_3" custom="readingOrder {index:2;}">
                <Coords points="3811,805 4868,818 5325,697 5548,798 6083,794 6154,512 5739,562 5615,481 4908,626 4518,572 3814,646"/>
                <Baseline points="3832,698 3916,698 4005,698 4095,698 4184,698 4274,704 4363,704 4453,698 4542,704 4632,704 4721,698 4811,698 4901,692 4990,686 5080,674 5169,668 5259,668 5348,662 5438,662 5527,656 5617,656 5706,650 5796,650 5886,650 5975,650 6065,656 6154,662"/>
                <TextEquiv>
                    <Unicode>- in -- well -. Hen Brinteil</Unicode>
                </TextEquiv>
            </TextLine>
            <TextLine id="tr_2_tl_4" custom="readingOrder {index:3;}">
                <Coords points="3905,1040 4231,1054 4480,953 4767,1067 5197,986 6234,1054 6308,1040 6312,882 6046,774 5581,778 5443,865 5197,771 4972,865 4807,781 3908,815"/>
                <Baseline points="3922,955 4011,961 4101,967 4190,967 4280,961 4369,955 4459,955 4548,949 4638,943 4727,937 4817,931 4907,925 4996,913 5086,907 5175,907 5265,907 5354,907 5444,907 5533,907 5623,907 5712,907 5802,907 5892,919 5981,919 6071,937 6160,943 6250,949 6315,955"/>
                <TextEquiv>
                    <Unicode>Ad. vat.. Er.. ich de da</Unicode>
                </TextEquiv>
            </TextLine>
            <TextLine id="tr_2_tl_5" custom="readingOrder {index:4;}">
                <Coords points="3800,1266 4565,1208 6271,1333 6244,1044 4972,1010 4585,1118 3800,1047"/>
                <Baseline points="3820,1187 3910,1193 3999,1193 4089,1193 4178,1187 4268,1187 4357,1181 4447,1176 4536,1170 4626,1170 4716,1164 4805,1158 4895,1152 4984,1152 5074,1152 5163,1146 5253,1152 5342,1152 5432,1152 5521,1158 5611,1152 5701,1158 5790,1164 5880,1164 5969,1176 6059,1181 6148,1181 6238,1187 6280,1193"/>
                <TextEquiv>
                    <Unicode>terer Hand, ebenkleide sel.</Unicode>
                </TextEquiv>
            </TextLine>
            <TextLine id="tr_2_tl_6" custom="readingOrder {index:5;}">
                <Coords points="3726,1505 3854,1471 4231,1565 4629,1488 4723,1545 5447,1515 5447,1333 5366,1309 5086,1384 4972,1320 4696,1414 4289,1363 3952,1235 3726,1272"/>
                <Baseline points="3744,1446 3754,1444 3844,1444 3934,1444 4023,1450 4113,1450 4202,1450 4292,1450 4381,1450 4471,1444 4560,1444 4650,1444 4739,1438 4829,1444 4918,1444 5008,1438 5098,1444 5187,1444 5277,1438 5366,1432 5456,1432"/>
                <TextEquiv>
                    <Unicode>but in your</Unicode>
                </TextEquiv>
            </TextLine>
            <TextLine id="tr_2_tl_7" custom="readingOrder {index:6;}">
                <Coords points="5585,1612 5675,1582 5716,1545 5756,1565 5814,1538 5861,1542 5901,1572 5941,1579 5938,1404 5827,1380 5756,1326 5726,1346 5692,1343 5635,1394 5575,1400"/>
                <Baseline points="5599,1528 5689,1534 5778,1534 5868,1540 5951,1540"/>
                <TextEquiv>
                    <Unicode>Vole</Unicode>
                </TextEquiv>
            </TextLine>
            <TextLine id="tr_2_tl_8" custom="readingOrder {index:7;}">
                <Coords points="3790,1740 4107,1831 4622,1710 6278,1791 6278,1599 6140,1555 5814,1535 5558,1636 5282,1548 4413,1629 3790,1542"/>
                <Baseline points="3808,1695 3898,1701 3987,1701 4077,1701 4166,1707 4256,1701 4345,1701 4435,1701 4524,1701 4614,1701 4704,1701 4793,1695 4883,1701 4972,1701 5062,1701 5151,1689 5241,1683 5330,1689 5420,1683 5509,1689 5599,1689 5689,1689 5778,1689 5868,1689 5957,1689 6047,1695 6136,1701 6226,1707 6286,1707"/>
                <TextEquiv>
                    <Unicode>Er bezahlt mich in welcher</Unicode>
                </TextEquiv>
            </TextLine>
            <TextLine id="tr_2_tl_9" custom="readingOrder {index:8;}">
                <Coords points="3720,2026 5682,1956 6288,2064 6342,1835 6059,1905 5558,1774 5477,1848 4494,1791 3720,1872"/>
                <Baseline points="3737,1952 3826,1958 3916,1964 4005,1964 4095,1964 4184,1964 4274,1952 4363,1952 4453,1952 4542,1958 4632,1958 4721,1958 4811,1952 4901,1952 4990,1952 5080,1952 5169,1946 5259,1946 5348,1940 5438,1934 5527,1928 5617,1928 5706,1934 5796,1934 5886,1940 5975,1946 6065,1952 6154,1964 6244,1969 6333,1981 6351,1981"/>
                <TextEquiv>
                    <Unicode>qu'il. Es weit, et bien en arbete</Unicode>
                </TextEquiv>
            </TextLine>
            <TextLine id="tr_2_tl_10" custom="readingOrder {index:9;}">
                <Coords points="3720,2279 5787,2181 6184,2282 6187,2114 5760,2006 5285,2080 5059,1996 4831,2151 4491,2064 3723,2158"/>
                <Baseline points="3737,2214 3778,2220 3868,2220 3957,2220 4047,2208 4136,2208 4226,2202 4316,2196 4405,2190 4495,2190 4584,2190 4674,2196 4763,2196 4853,2190 4942,2172 5032,2172 5121,2172 5211,2172 5301,2166 5390,2166 5480,2161 5569,2161 5659,2155 5748,2155 5838,2161 5927,2161 6017,2166 6106,2172 6196,2184"/>
                <TextEquiv>
                    <Unicode>re da if an; Leopolden Arbe</Unicode>
                </TextEquiv>
            </TextLine>
            <TextLine id="tr_2_tl_11" custom="readingOrder {index:10;}">
                <Coords points="3710,2552 4494,2461 4780,2599 5507,2444 5877,2525 6063,2457 6228,2579 6258,2286 5649,2262 5332,2387 5039,2255 4528,2397 4285,2286 3716,2306"/>
                <Baseline points="3731,2465 3754,2471 3844,2471 3934,2471 4023,2459 4113,2459 4202,2459 4292,2453 4381,2453 4471,2453 4560,2453 4650,2459 4739,2459 4829,2459 4918,2453 5008,2453 5098,2447 5187,2441 5277,2441 5366,2435 5456,2435 5545,2435 5635,2429 5724,2423 5814,2423 5903,2423 5993,2429 6083,2435 6172,2435 6262,2435"/>
                <TextEquiv>
                    <Unicode>zu seiden, erschein... b'aprée</Unicode>
                </TextEquiv>
            </TextLine>
            <TextLine id="tr_2_tl_12" custom="readingOrder {index:11;}">
                <Coords points="3740,2750 4238,2733 4767,2861 5097,2727 6053,2730 6130,2535 5918,2632 5433,2602 5154,2461 4730,2636 3740,2579"/>
                <Baseline points="3760,2698 3802,2698 3892,2698 3981,2698 4071,2698 4160,2704 4250,2698 4339,2698 4429,2698 4519,2698 4608,2704 4698,2704 4787,2704 4877,2698 4966,2692 5056,2698 5145,2686 5235,2680 5324,2680 5414,2674 5504,2680 5593,2674 5683,2680 5772,2680 5862,2680 5951,2680 6041,2686 6130,2692"/>
                <TextEquiv>
                    <Unicode>iten die verlangt sieren wegen</Unicode>
                </TextEquiv>
            </TextLine>
            <TextLine id="tr_2_tl_13" custom="readingOrder {index:12;}">
                <Coords points="3642,3070 4036,2982 5248,3030 5389,2925 5871,3067 6157,3033 6157,2848 6053,2794 5783,2851 5460,2750 4487,2912 3918,2730 3646,2878"/>
                <Baseline points="3665,2984 3748,2984 3838,2972 3928,2966 4017,2960 4107,2954 4196,2949 4286,2949 4375,2943 4465,2937 4554,2937 4644,2937 4733,2937 4823,2943 4913,2943 5002,2937 5092,2931 5181,2931 5271,2925 5360,2925 5450,2925 5539,2925 5629,2931 5718,2931 5808,2937 5898,2943 5987,2943 6077,2949 6166,2949"/>
                <TextEquiv>
                    <Unicode>Kimh - wie inimpte. dep.</Unicode>
                </TextEquiv>
            </TextLine>
            <TextLine id="tr_2_tl_14" custom="readingOrder {index:13;}">
                <Coords points="3750,3235 4393,3329 5100,3215 6154,3316 6150,3154 5776,3090 4989,3141 3747,3060"/>
                <Baseline points="3766,3199 3856,3205 3945,3205 4035,3205 4125,3199 4214,3199 4304,3199 4393,3205 4483,3211 4572,3211 4662,3217 4751,3217 4841,3217 4930,3223 5020,3217 5110,3217 5199,3217 5289,3211 5378,3217 5468,3217 5557,3223 5647,3223 5736,3229 5826,3235 5915,3247 6005,3259 6095,3271 6160,3289"/>
                <TextEquiv>
                    <Unicode>see feb. jusma ci oui ciue</Unicode>
                </TextEquiv>
            </TextLine>
            <TextLine id="tr_2_tl_15" custom="readingOrder {index:14;}">
                <Coords points="3737,3504 4033,3582 4783,3501 5339,3585 5702,3464 5955,3494 5958,3329 5016,3262 4666,3363 4299,3299 3740,3346"/>
                <Baseline points="3754,3462 3844,3462 3934,3456 4023,3456 4113,3456 4202,3450 4292,3444 4381,3450 4471,3444 4560,3444 4650,3438 4739,3444 4829,3438 4918,3432 5008,3432 5098,3432 5187,3432 5277,3432 5366,3426 5456,3426 5545,3426 5635,3432 5724,3438 5814,3450 5903,3468 5963,3480"/>
                <TextEquiv>
                    <Unicode>n tiling a tnul was</Unicode>
                </TextEquiv>
            </TextLine>
            <TextLine id="tr_2_tl_16" custom="readingOrder {index:15;}">
                <Coords points="3737,3743 4598,3737 4804,3827 5059,3747 5443,3824 5443,3595 5019,3524 4662,3615 4319,3508 4114,3602 3976,3555 3737,3602"/>
                <Baseline points="3754,3701 3844,3695 3934,3701 4023,3701 4113,3701 4202,3695 4292,3695 4381,3695 4471,3695 4560,3701 4650,3707 4739,3707 4829,3707 4918,3707 5008,3713 5098,3713 5187,3707 5277,3707 5366,3707 5450,3707"/>
                <TextEquiv>
                    <Unicode>setzte et inniglich...</Unicode>
                </TextEquiv>
            </TextLine>
            <TextLine id="tr_2_tl_17" custom="readingOrder {index:16;}">
                <Coords points="3639,4006 6154,4120 6143,3881 5713,3804 3629,3807"/>
                <Baseline points="3653,3922 3742,3928 3832,3934 3922,3934 4011,3934 4101,3939 4190,3939 4280,3945 4369,3951 4459,3951 4548,3957 4638,3963 4727,3969 4817,3981 4907,3987 4996,3987 5086,3993 5175,3993 5265,3999 5354,4005 5444,4011 5533,4011 5623,4023 5712,4023 5802,4035 5892,4041 5981,4047 6071,4047 6160,4053 6166,4047"/>
                <TextEquiv>
                    <Unicode>so illeit und lewundig geven, dess</Unicode>
                </TextEquiv>
            </TextLine>
        </TextRegion>
    </Page>
</PcGts>
