6856 4392
477 247 691 507 in
644 390 3176 701 Onkel,... me is gusschler that
661 621 2926 874 nachglei zu zem. trot gebe.
540 831 3223 1161 teth... Es will it is very but
611 1058 3069 1385 sich nurte (d,m See) de zu
661 1328 2916 1601 zuzudell, ab... a. tous co.
567 1628 1211 1822 acglid.
681 1752 3013 1992 E Virriel wich welt. ich er the erset er
647 1968 2919 2262 in g wilt will; -. - abe seci de ce
651 2182 3219 2469 I don't    En parlt og was  - Bemerking
380 2352 584 2552 x
704 2409 3023 2599 def ge an uly. Frise... die bet El
1091 2579 2949 2829 up my alle. -
591 2616 791 2863 to
727 2799 2949 3049 on cal cin of d Ontil will for de.
2242 2959 2696 3089 Cno sch
721 2979 3009 3280 x in er wenn Sache w eicher... daß
727 3219 2829 3470 et qui.... n'a pas eu une
721 3380 2923 3660 reve for he is in - of K. Cess -
1001 3610 1571 3847 wylvnt
727 3643 3093 4047 Also.. this will large into... Er has a but a N.J
5979 180 6306 470 165
3546 317 5692 597 lis in dieser Hauskreis verhängst. II 5
6065 440 6369 654 1817
3580 547 6119 804 laß nicht das mein Vikel. Dann 4 Arbe
3667 777 4334 1018 sigebr tat
3833 921 4447 1101 St. Cukil
3680 1054 4701 1268 the Robert hil, an
3777 1144 6189 1451 Art jem bestellt sie...
3713 1368 6152 1615 Ist Lebe. Sie den?  in werden (at he
3747 1605 5038 1808 thome wohl in ihn
3840 1762 6222 1972 (witt die i S... Inversi albetrachten
3813 1908 6255 2149 will in dier Besich.... ist ich
3843 2065 6299 2355 trew ull ich langs witt gesebe; -  end en
3840 2252 6285 2469 sehr bewehrte Angelegennt werden muss. wer
3843 2449 6252 2729 I but in dreyen Agelegenhed fahrt w
3837 2612 6232 2889 herit in this - - in a Lamif do fupo fhul
3773 2796 6326 3096 i uni veit... class..    y a t iad ouil
3820 3029 4617 3266 hatte.
3847 3216 6406 3456 Ein Cajaullt, He haben i Sie reicht sein eine
3890 3396 6432 3643 offre (Cigarellimdartlet; et littent'uil, in the
3923 3576 6352 3807 Dylent, et gab et teres; -
3900 3737 5645 3987 sur che avoir a la pareille, avec
