5065 4551
1439 348 3718 726 Gesetz gelten lassen (bis ich Ihnen einmal in
1262 596 3758 930 Ranksand dienen kann) und nur für Mien
1241 827 2982 1081 mit Ihren Rat zur Seite stellen?
1492 897 3831 1282 Es sind hier Interessen für meine Wecke im
1302 1111 3882 1509 Wachsen, alles ich müßte in Nukentniß der Wiener
1295 1359 3243 1727 Keaterverhältnisse keinen Ausgriff tück.
1439 1506 3775 1884 Wie für die teutliche Regierung ehrmüntlich in
1328 1660 4022 2122 vertraulicher Mission als Montag auf einigen Meist¬
1258 1984 2229 2306 terien vier Tätig.
1476 2038 3801 2403 Lehrmünder bin ich mit Ungemein, Eugen Kilian
1218 2235 3912 2620 Trelow, Bevenner (Meinheit & Kämmer)
1382 2429 3785 2808 Vielweg – bin Miterbeiter der Frankluiter stg
1509 2677 3908 3142 Ich glautes an die Magleichkeit im Lunsto den Jakure
1385 2751 1743 3015 v. s. w.
1362 2921 3253 3313 Stuer in deutschland dienen zu Rünnen.
1516 3065 3768 3470 Mit Absicht reducire ich dieses Schäludium auf
1389 3266 3791 3698 Enfürdkeiten. Mute Ihrer unkelbare Schüsse aus
1392 3447 3939 3788 einl. Eßei aus dem Berliner Ingeblatt nicht zu, sondern
1402 3621 3848 4022 sente ein Werk kann Gerech mit. Mit unbestauter
3052 3775 3661 3979 Hofschätzung
2958 3918 3393 4099 In Herzeln
3437 3862 3959 4136 Chre Sart
