5144 4586
1289 343 3805 664 erklärt – (ich bin rückdeutscher Geburt) aber auch
1272 569 3995 918 meine Berufung beweist, daß ich in der nachdienntlichen
491 731 742 876 sont pas devenu en
1268 816 3872 1183 atmaschäre geheutet den Mut zu einer fest 20
1254 1000 3932 1385 jährigen Energie fand, der Diebstakt das erst¬
1243 1198 3896 1607 verschicken Waffenrechnis in den Feldzupen von
1265 1441 3925 1787 1797/1812 wie ein nisterischer Untersuchungs¬
1251 1699 2943 2031 richter mittelbar zu erweisen.
1480 1840 3946 2187 Neben der Arbeit ist es auch die Waffeneln
1272 2074 3963 2476 Liebe für das Vertrauch wie ich es als Historiker
1265 2286 3974 2635 sche, die mir einen ungeschriebenen Rechtstitel
1279 2579 4122 2893 auf die wachsende Aufmerksamkeit der Jahnden
1293 2812 2395 3155 Vertreicher giebt.
1515 2988 4052 3384 Ich danke Ihnen, daß Sie aus diesen Karten
1367 3215 4158 3638 wissenschaftlicher Abnehmmungen dennoch den Künstle¬
1339 3455 4087 3857 Lgst ohne Bejudiz erkannt. Es wird sich zeigen
1364 3688 4031 4087 daß die Austräsch-Spamung in Perzender Amt
4122 3900 4288 4105 1
