5091 4569
1825 494 2051 663 Votre très avoir fait-elle de l'auteur; mon ami-
3537 464 3811 760 1 1/2
2682 895 4599 1137 können. Nur die, die auf ihrem eigenen Wege nicht weiter
683 962 2408 1231 Mit - als „Pypus Philosoph-jubau unterlich die Kapitel“.
2682 1094 4514 1321 Rümmen übersehen sich, als es gerade ihr Weg allein
501 1162 2328 1431 Ahnungen und fragen, Schicksal und Ville „Bunder und“
2694 1281 4511 1503 zu einem höheren, den andern unzugänglichen führte.
491 1386 2301 1638 Gesetze am meipen gesestelt. Ich wüßte nicht, daß die
2884 1461 4676 1682 I denke, daß auch Sie nur die Unführungsstrich- Philosophie
516 1568 2375 1767 als „Nationalist“ verschrieen sind, aber das geiß ich, daß
2704 1590 4591 1859 im Mühe haben, denen „Tiessin" über „Klarsinn“ geht, und
516 1732 2340 1992 die sich unter den "Typus" Naturforscher" pellau und daß
2704 1792 4661 2026 die nur einer spielerischen, wenn nicht gar „aufspielarischen“
511 1922 2460 2163 Die Bonierten den Naturforscher gerne als Nationalisten
2704 1959 4574 2188 Neigung fröhnen „in unkantvollierbarem Gebiete umherzei¬
2709 2081 4462 2358 schweifen und sich bei alle dem großartig angeikommen.
503 2116 2363 2338 als Todenschweren in einen nachteiligen Gegentat zum
2714 2288 4634 2512 die haben leider, gerade wir deutschen, weiß solche Philosophie
516 2303 2308 2545 beffvingten Philosophen pellen. Wie unsinnig! Alla
2724 2500 4604 2694 ich wüsste als Ausnahme mir den bescheidenen und gar nicht
543 2490 2316 2717 positiven Seistertypen unterscheiden sich ja nur dadurch,
2754 2640 4454 2849 im übeln Sinne - liessinnigen Raus, der sich und als
533 2655 2355 2926 daß sie ihren Weg den verschiedenen Ausgangspunkten
2727 2787 3986 3006 „Natürforscher der Vernunft“ gefühlt hat.
538 2841 2301 3058 nehmen und die Parkpen und mutigsten Dauderer
2914 2959 4676 3185 Alle verstätigkeit ist nichts als ein Ordnen! Gewiß
553 3051 2196 3305 treffen einander auf dem gleichen Gipfel oder
2712 3128 4601 3337 ein wirkvölsches Ordnen! Ein Ordnen zu verschiedenen
553 3255 2301 3497 Kommen sich doch so nahe, daß sie einander zurusen¬
2709 3278 4713 3562 zwecken! Ärsprünglich nur zu Zweikau des nackten Lebens;
