5129 4551
1218 369 3845 647 Reinlusteits-Trege ins stellen gekommen -
3834 614 4127 1059 Amr. & Rei
1023 585 3762 961 die Frankfurter Zeitung bat mich die Ablicht Lam¬
1117 817 3928 1106 greifts selbst zu verwirklichen - ich werde damit
1062 972 3968 1391 im Imme beginnen — die zalweisen und Weillen Auf¬
2418 1142 4000 1373 Enfangen des „Censidet“ seyen Zur
1409 1312 3870 1623 In Deutschland hat überhaupt meine Zeit be¬
976 1391 3841 1829 Gunnen – in Berlin ist nur ein neuer Essai, über
1044 1677 3863 1966 mich erisert — ein Ehrenvacher ist für mich in Ent¬
1153 1843 3867 2233 wicklung. Auch alle diese Reectioner neben für
1200 2118 3820 2421 mich – die künstlerischen Wirkungen einmal
1164 2284 4033 2746 ausgepaetet, die mir weit mehr am Herzen liegen
1174 2562 2671 2945 nur eine sechliche Meral.
1388 2754 3975 3093 Lumprecht wollte aufvallen, daß ich für die
1240 3068 4051 3404 Vertreicher über ihren Feldzug von 1796/97 gegen
1240 3325 4065 3682 die Franz Regublitz eine zweichende Gerichtsgenote
1218 3473 4098 3910 gegeben, die in ihrer historisch-Kritischen Ferment¬
1109 3719 3953 4141 Wirkung die ganze Überlieferung zu Gunsten
