5087 4584
3770 347 4001 581 lohner
4094 495 4272 616 " - " - "
392 502 588 716 i. p.
1262 392 3808 802 die ganze Theater-Resuitation in Eierlicher
3774 657 4011 839 10
998 530 1225 812 De'
1245 729 3815 977 Verammlung mit Äußerungen der Bepeisterinn¬
1176 908 3791 1249 Wie Aufführung gutgeheißen und die Direction
1218 1149 3846 1448 den Gräßherzog von Kessen - einen Vernehmen der
1273 1362 3055 1655 1793 - Devolutina - dazu einladat.
3873 1586 4039 1765 notaire
1338 1555 3812 1885 Van Berlin Frankfurt und Leipzig Rammen
1245 1761 4011 2071 Schmfrichter den Swesse und ich werde Ende Jänner
1218 2006 3640 2305 wisser, was von meinem Hals übrig bleibt.
1469 2215 3832 2501 Ich bleibe Montag Dienstag Mittwoch hier¬
1256 2466 3825 2786 Welcher Nachmittag oder Abend nicht aus zusammen
1555 2632 3853 2982 und seine mich auf eine genünere Ausspruche
1283 2876 3884 3161 Vielleicht lassen Sie morgen samebend telefniess von
1324 3051 3901 3433 4-5 Uhr etwas nären. Sonntag bin ich bis 11 Uhr im Hotel.
1600 3227 3932 3557 Die Wilmung im "Dantan" ist ein Tan meiner
2745 3498 3261 3791 Herzlich
1342 3509 1713 3760 Lielen.
1359 3708 2480 4008 Rücktag var & musmittag
2762 3657 3653 4104 the Care Lyst
1300 3901 2711 4204 bezale ich meine Besuchsschlüssen.
