5091 4569
1381 940 3286 1195 Dann aber schuld der Bille höhere Berlin als das persönliche
1365 1100 3365 1312 Lebak umerkannt und immer weitere Kreise von Erschei¬
1387 1256 3520 1514 in sein Interesse einbezieht, fühlt er sich gedrungen,
1464 1450 3445 1642 Die gegebene Erfahrung mit immer neuen und nun über
1464 1591 3514 1865 wiegend geistigen Erscheinungen in möglichst widerspruch losen
1331 1782 1493 1891 De'
1429 1777 3485 2069 geordneten Zusammenhang zu bringen! Erklären? Es gibt
1442 1960 3482 2178 kein Erklären! Uhr ordnen und dadurch beherrschen! Wunder?
1267 2080 3360 2401 Es gibt Neina sind den, der sich mit dem keinen Kreis, den er
1395 2279 3392 2526 unherrscht, zufrieden gibt! Und sie sind unerschöpflich für Jan,
1243 2417 1527 2632 Päiv ä.
1501 2436 3514 2704 dessen blick von Giesal zu Gigsel nach immer weiteren frolgenten
1440 2627 3472 2861 verlangt. Das beste, was uns sorscher, Philosophale, dichter geben.
1480 2784 3466 3073 ist nicht das kleine Rück eroberten neuen Badens, auf den
1565 2988 3480 3203 unsern sich zu setzen, sie uns ermöglichen, sondern der Blick
1514 3148 3403 3384 zu jene fernen, die noch zu wohnen sind und die Luft sie zu
1448 3272 3413 3528 zu diesem Sinne Tanke ich Ihnen für jedes
1395 3437 1623 3652 5
