5087 4584
2343 476 2748 622 '̃' ̃
1688 462 2036 652 G.C.P.
3067 869 3424 1048 7. I. 28.
2222 929 2607 1198 Apl
1417 1014 1707 1238 tort.
2036 1264 2784 1562 Verahrter herr Doctor!
1679 1469 3522 1803 Verzeihen Sie daß ich Ihnen erst heute für die Zusendung
1612 1650 3531 2045 Ihres letzten Sterkes mit Ihrer Widmung Janke; ich wollte Ihnen
1648 1829 3469 2191 erst schreiben, nachdem ich das Buch gelesen, und habe wol
1660 1988 3558 2336 regt somit getan: oder das Lektura wäre es mir der dank
1676 2193 3608 2591 gewesen für ihre mich so sehr beglückende und ihrende beund¬
1679 2388 3469 2767 liche Gesinnung; nun schon ist es zugleich der Jank für
1710 2548 3448 2917 sinen großen Gemüts und vieltaltige Anregung. Die
1712 2736 3546 3091 sind ja vor dessen siger, daß ich zu jenau zahle, an die
1745 2927 3491 3269 Sie sich in dem Vorwort wenden, zu jenen die Ynen
1753 3143 3624 3458 eine Antesnahme persönlich menschlicher Not entgegen¬
1757 3448 2098 3734 besugan.
