6728 4248
2718 473 2906 663 32
1019 609 1489 784 erachtet
958 534 2779 895 geglaubt, die Vertraute meiner (4-e en
2329 749 3143 857 verlanget dei même
2101 822 2941 1004 „Und ich“,entgeg¬
956 814 2058 1057 und Pläne zu werden?
974 989 2809 1206 nete sie, soll ich vielleicht stolz
986 1163 2908 1366 sein, dass du auch mich zur Vertrauten
996 1277 2908 1517 erwählst.nachdem e/s lang vorher alle
2374 1373 2789 1489 ob der O A.
989 1489 2883 1649 deine Tischgenossen im „Reiten Ochsen“
996 1583 1831 1697 dessen der fleute 8
994 1606 2878 1836 würdig erachtest hast?" — Ha „rief er
1312 1740 1598 1826 à la dame
1012 1740 2842 1942 aus, die Hasenherzen und dein Vater
1004 1886 2895 2114 der hasigste von allen. Aber nun merk
1022 2066 3027 2261 ich ja,woher der Wind bläst.) Schäme dich
1001 2213 2974 2433 Agnes,in dir hätte ich eine Andere zu
1006 2326 3045 2610 finden erwartet,eine Gefährtin, eine, die
1955 2466 2463 2559 theater jesen,
1034 2536 2979 2726 bereit wäre mit mir in Gefahr und Tod
1027 2675 2921 2893 zu gehen. Er hatte sich zu ihr aufs
1034 2825 2928 3034 Bett gesetzte und fasste sie bei den
1039 2966 2974 3184 Händen, nicht nur von Zorn bewegt,son
1350 3133 1623 3234 allem
1065 3136 2759 3373 dern auch von einem mildern Feuer
2865 3133 3229 3333 the 1st
2453 3219 2756 3300 nie 10 le
1090 3300 1272 3381 Nue
1049 3308 2997 3507 d-ie leuchtenden Augen die er nicht an
2225 3383 2557 3502 Tilsanten
1062 3444 2906 3639 ihr gekannt, in ihm entfacht hatten.
1080 3535 2863 3839 „Nur Geduld“,sagte sie, vielleicht
1070 3712 3045 3993 kennst du mich nicht.Die Gefährtin ei-
3497 518 3907 680 7/12.22
5695 539 5897 731 um
4294 673 6249 870 nes Helden will ich gerne werden, aber
4286 834 6302 1024 niemals die eines Narren, als der du mir
4291 979 6054 1216 so lange erscheinen wirst,bis ich
5609 1115 6494 1355 Heldentum erpullet
4296 1158 5626 1335 nicht weiss, wozu all dein
4428 1285 5621 1409 ob de in Helverli a ik vere
4299 1315 6112 1527 gut sein soll, ob du ihn zu irgend
4312 1449 6249 1654 etwas Vernünftigen gebrauchen kannst.
4314 1621 6200 1793 Zugleich wehrte sie ihn von sich ab,
4312 1750 6254 1975 da er sich ihr genähert hatte und ihr
4312 1909 6266 2091 der Weindunst, den er ausströmte, wider
4299 2074 4853 2187 mil tr usullb
4312 2056 6312 2316 wärtig war. (Nein), sagte sie mit einer
4312 2228 6223 2407 Heftigkeit, die ihm gänzlich neu war,
4317 2372 6264 2587 und wiederholte das „Nein" noch hef¬
4332 2516 6350 2736 tiger, als er sich noch näher an sie he-
4324 2696 6317 2875 raudrängte Angesichts dieser offenba
5594 2814 6294 2918 art jolte. A: wen de
5839 2885 6286 3002 brieftes
4334 2865 5814 3055 ren Auflehnung wider sein ve
5836 2966 6051 3067 &c
4334 3027 6223 3189 Gattenrecht, wuchs seine staunende Er
4334 3209 6094 3356 bitterung von Neuem an. Was fällt
5401 3277 6130 3429 Ruhs mich nicht an,
4347 3323 6097 3530 dir ein?“rief er. „Nein „rief sie
4347 3459 6241 3677 nochmals und ihren Macht sich plötz-
6094 3588 6281 3689 unto
4370 3654 6297 3801 lich bewusst werdend: „Nicht,eh du mir
4372 3750 6367 3968 verspriehst, dass du nichts unternehmen
4102 3932 4951 4102 nicht gescheinen,
