6776 4440
2581 600 2791 736 145
959 762 2866 1004 gen aufkommen, und die Welt es gera¬
987 926 2958 1154 deso gut merkt wie das Weib, wenn auch
1030 1095 2760 1255 nicht immer so geschwind, und sie
1060 1268 2844 1429 lassen es den unseligen entgelten,
2085 1354 2606 1462 ofch aufzugele
997 1435 2851 1614 dass er versucht hat sie anzulügen.
777 1589 2783 1789 (auf) Im übrigen hab ich Euch in Euerm
1007 1715 2902 1925 Amt als einen klügeren und gewitzte
1027 1870 2983 2047 ren Mann empfunden als in Euerer Ehe.
1065 2019 2942 2214 Und wenn Ihr erst ganz genau wisst,
1042 2181 3016 2378 ob Ihr ein wilder Aufrührer seid oder
1047 2360 2866 2560 ein getreuer Diener des Staats, der
1052 2495 2818 2689 Cesetze und Euers Herzogs,so würd
1040 2634 2963 2864 Euch bei Frage und Spruch kaumje ein
1063 2829 2057 2996 Irrum unterlaufen.
1376 2884 2484 3137 „Herzogliche Gnaden
2522 2985 3276 3125 was in the mind.
1389 3125 2788 3279 „Kein Wort.HerrRichter, es
1078 3292 2937 3512 würde Euch allzu schwer den rechten
1126 3426 2902 3575 Ton zu finden und das Hjohnlächeln
1146 3562 1632 3674 um Eueres
1088 3557 3021 3787 meines Freundes Tobias Lippen
1095 3742 3051 3970 möchte sich noch weiter verzerren, was
1090 3884 2902 4076 Euch erspart bleiben soll. Nun aber
3557 536 3980 741 13.1923.
5956 498 6176 731 144
4329 701 6047 901 Nun das trifft sich gut, dass ich
4261 880 6064 1073 gleich bei Euern Freunde auch Euch
4273 1052 6052 1225 finde. So hat er es wohl schon zur
4293 1192 6198 1341 Kenntnis gebracht, was ich mit Ech vor
4293 1356 4615 1553 habe."
4564 1465 6257 1647 Dem Adalbert schnürte es die Keh-
4301 1634 6277 1776 le zusammen, denn nichts anderes konnte
4298 1766 6077 1956 die Frage des Herzogs bedeuten, als
4311 1958 6118 2087 dies,ob Adalbert dem Tobias von des
5338 2009 6393 2183 besichlet zuvorgezt
4309 2118 6100 2282 Herzogs Absicht Mitteilung gemacht
4319 2272 6340 2386 ihn als Jäger in seine Dienste zu neh-
4311 2366 6133 2611 men. Tobias aber musste glauben, die
4324 2568 6325 2758 Frage des Herzogs spiele auf die stren
4321 2694 6350 2887 ge strafe an, die nach Adalberts Bericht
4321 2831 6166 3021 der Herzog dem Tobias zugedacht.Was
4341 2970 6153 3213 immer Adalberthätte sagen können,
5427 3127 5720 3221 enw.
4324 3180 6267 3324 aufs Neue und immer furchtbarer hätte
4336 3314 6368 3524 er sich verstrickt.Nichts anderes blieb
4339 3451 6330 3676 ihm übrig als unverzüglich alles zu be
4341 3625 6290 3798 kennen, was sich ja doch binnen kurzem
4400 3767 6277 3985 in Rede und Gegenrede von selbst er-
