6648 4232
2712 617 2892 726 34
982 624 2834 967 dass du nichts unternimmst weder in
1049 900 2847 1069 Wort noch in Tat, ehe dem neuen Her-
1034 1052 2931 1290 zog, den wir erwarten, nicht Zeit ver-
1034 1251 2864 1459 gönnt waf sich zu bewahren als der,
1037 1367 2872 1541 der er ist. „Was weisst du Weib, wie
987 1487 1427 1631 in Turd
502 1494 925 1661 in den
1049 1554 2782 1743 oder was er ist?“ „Freilich weiss
1054 1688 2882 1870 ich s nicht, du aber geradeso wenig
2004 1775 2300 1887 heelti-
1049 1852 2996 1972 als ich. Aber ich ahne, dass mit seinem
1049 1989 2804 2153 Eintritt eine neue zeit für unser
1052 2088 2921 2347 Land anbricht.Und alles, was vhr (To¬
1059 2300 2924 2509 bias Klenk/mit seinenepiessgesellen)
1059 2449 2911 2586 plant binnen kurzem Euch allen über-
1049 2601 2901 2765 flüssig, unsinnig, verbrecherisch er¬
1067 2752 2944 2899 scheinen wird:Adalbert rückte wieder
1057 2919 2991 3125 näher an sie heran und sah ihr fürch-
1059 3080 2837 3227 terlich ins Aug. „Woher weisst du,
385 3016 917 3222 but at the
477 3187 937 3374 geragt. d
1067 3247 2800 3394 dass er schon im Lande ist?“ Ihre
500 3332 875 3511 & in Lac
1067 3366 2822 3540 Blicke leuchteten noch heller auf.
1064 3535 2782 3739 „Er ist da?” „Was schert ’s dich?“
1069 3665 2998 3903 schrieer (und fühlte sich (völlig nüch¬
1596 3789 1808 3923 wir
1057 3841 2775 4018 tern geworden), ob er da ist oder
5800 510 5974 646 35
4097 609 5962 853 nicht.“ „Er ist das, wiederholte sie
4749 798 5084 907 a état
4127 788 6066 1009 und nun nicht mehr in fragendem Tone,
4664 937 5129 1062 me I am
4122 1002 5865 1136 sondern als wäre es ein Jubelruf.
4140 1149 6071 1288 „Wer hat dir verraten,dass er im Lande
4577 1241 5398 1360 meme at di ult
4068 1263 5910 1447 ist?“ („Du selber „lachte sie. Sollte
4117 1422 6061 1596 es dennein Geheimnis sein oder gerade
4135 1559 5815 1738 nur eins für mich?„Mittag erst
4147 1703 6091 1902 ritt er in die Residenz ein. Wir erfuh-
4470 1867 4766 2024 aber
4132 1904 5875 2141 ren es abends im Wirtshaus-und du
3486 2036 4060 2248 Es well n'e
4140 2011 5977 2228 weisst es schon?“ (Sagt ich's nicht
5112 2175 5313 2275 Sir
4147 2183 5920 2417 eben —iven dir twas kommt über dich
3543 2205 3995 2367 n'étant
6099 2267 6268 2407 in
4147 2337 6084 2533 Adalbert, dass du so zornig bist/ Daff
3528 2342 4015 2531 Nellant
4664 2476 5348 2586 at havistoud
3498 2509 4000 2670 1..31
4152 2536 6037 2675 ich mich nicht freuen, dass der junge
4808 2640 5117 2750 ., un de
3466 2648 3936 2834 en 1.4
4152 2630 6151 2837 Landesherr endlich da ist?“ („Was geht’s
3483 2814 3931 2964 the man
4157 2822 5999 3036 dich an, ob er jung ist oder alt/Wo-
3476 2961 3734 3078 a a
4159 2996 6109 3200 her weisst du, dass er jung ist?“ Sie-
4164 3113 5957 3356 benundzwanzig, das ist leicht zu be
4177 3267 5965 3458 rechnen. Als er sich das letzte Mal
4182 3451 6101 3613 im Lande aufhielt,war er vierundzwan-
4182 3622 5870 3759 zig und das sind drei Jahre her.
3516 3645 3891 3871 be
4182 3767 5965 3906 Er starrte sie an. „Du kennst ihn,
