3448 4360
2665 404 2845 582 117
953 577 2985 862 Licht geführt in Stich gelassen und mit
1157 775 1467 875 I dont
961 758 2970 953 Schmach bedeckt hatte. Ja, das hatte sie
2512 839 2809 964 be se ct
986 938 2728 1109 getan, mit Schmach und Schande den
984 1070 2926 1266 Amtsrichter Adalbert Wogelein, der vor
986 1205 2901 1421 wenig Stunden noch in Amt und Würden
1703 1370 1920 1472 shick
1004 1388 2947 1625 gesessen war geachtet in ganz Karols
1012 1546 3020 1742 lust als strenger und gerechter Richter
1020 1553 1225 1658 mark
1004 1698 2863 1902 (zugleich scheu verehrt wegen seiner
1022 1843 2815 2090 aufrechten Gesinnung.) Und der sich
1025 1996 3018 2176 nicht mehr auf die Gasse wagen durfte,
1022 2148 3054 2329 ein Gespött den Gassenjungen und Dienst
1032 2314 2970 2568 mägelan von Karolslust. Nicht auf die
1032 2456 2939 2667 Gasse? Und in die Gerichtsstube etwa
1058 2606 2939 2804 doch? Nie und nimmmehr.Damit war es
1058 2779 2949 2957 vorbei in jedem Fall. So oder so,vor
1065 2893 3092 3127 bei mit Amt, Würde, Aufenthalt in diesem
1068 3076 2916 3351 Ort, nicht eine Nacht mehr durfte er
1070 3259 2759 3430 hier verweilen, wie immer er sein
1073 3382 3117 3600 Schicksal nahm was immer ihm bevorstehen
1073 3549 3117 3791 mochte), dies eine stand über allem fest
1088 3722 2967 3936 er musste fort, Geld zu sich stecken,
1152 3811 2939 4022 über die Grenze und fort (Wohin, das
