3336 4280
134 440 571 655 8/3.1923.
2567 624 2754 795 112
813 798 2785 945 des Hofes hinausgeleitete. Auf Adalbert
1074 921 2756 1008 A. A. schlée vorbe-nclaub. ni sal ils vont
808 985 2743 1161 fiel nicht ein Blick von ihr, als wäre
863 1145 2785 1300 er aus dem Bereich der Lebendigen für
806 1240 2848 1474 sie ausgelöscht. Und er stand auch wahr
869 1443 2748 1619 lich da wie ein Gespenst.) Der Herzog
866 1569 2748 1756 aber (wie im Mitleid)wandte sich noch
819 1685 2772 1940 einmal nach ihm um. „Hær Richter“, sagte
2448 1801 2948 1932 dat du
808 1890 2769 2069 er, wir wollen trotzdem hoffen, die, Sa-
1737 1995 2138 2103 agement
813 2038 2843 2230 che klärt sich in jeder Weise und nicht
813 2217 2843 2380 durchaus zu Euerm Nachteil auf. Ihr mögt
813 2327 2738 2538 in jedem Fall bis auf Weiteres meiner
829 2464 2935 2688 Huld versichert sein.Und während er Agnes
874 2635 2669 2846 dieseine Hand weiter gefasst hielt,
819 2790 2843 2941 reichte er die andere Adalbert hin, der
2077 2885 3041 3033 blaib en de jenst tel
874 2917 1798 3012 u vont in unüberst
811 2975 2854 3162 sie küsste. Er folgte den Beiden
856 3104 2751 3320 nicht,als sie das Haus verliessen,er
808 3227 2888 3438 hörte ihre Schritte über den Gartenkies,
1053 3370 1674 3480 in glud daer
782 3443 2893 3633 hörte ein Murmeln draussen.wusste,ohne
866 3570 2761 3770 es zu sehen, dass Leute den Wagen um
874 3714 2796 3936 standen und mitansahen,wie sein Weib
