<?xml version="1.0" encoding="UTF-8" standalone="yes"?>
<PcGts xmlns="http://schema.primaresearch.org/PAGE/gts/pagecontent/2013-07-15" xmlns:xsi="http://www.w3.org/2001/XMLSchema-instance" xsi:schemaLocation="http://schema.primaresearch.org/PAGE/gts/pagecontent/2013-07-15 http://schema.primaresearch.org/PAGE/gts/pagecontent/2013-07-15/pagecontent.xsd">
    <Metadata>
        <Creator>prov=READ-COOP:name=TrHtr:version=2.1.0:model_id=51170:date=14_08_2023_15:01</Creator>
        <Created>2023-05-10T14:17:48.652+02:00</Created>
        <LastChange>2023-08-14T15:01:29.546+02:00</LastChange>
        <TranskribusMetadata docId="1428610" pageId="55418377" pageNr="86" tsid="132809675" status="IN_PROGRESS" userId="64420" imgUrl="https://files.transkribus.eu/Get?id=YSZYODIDFPGSWZDOJWNRMRSQ&amp;fileType=view" xmlUrl="https://files.transkribus.eu/Get?id=UIEWYKQTJAXSRIMNSWEVCTMD" imageId="44692481"/>
    </Metadata>
    <Page imageFilename="1428610_0086.jpg" imageWidth="6728" imageHeight="4488">
        <ReadingOrder>
            <OrderedGroup id="ro_1711787602925" caption="Regions reading order">
                <RegionRefIndexed index="0" regionRef="tr_1"/>
                <RegionRefIndexed index="1" regionRef="tr_2"/>
                <RegionRefIndexed index="2" regionRef="tr_3"/>
            </OrderedGroup>
        </ReadingOrder>
        <TextRegion id="tr_1" custom="readingOrder {index:0;}">
            <Coords points="411,696 3019,696 3019,4068 411,4068"/>
            <TextLine id="tr_1_tl_1" custom="readingOrder {index:0;}">
                <Coords points="2502,765 2536,770 2550,762 2570,781 2587,770 2607,776 2632,765 2689,767 2694,649 2669,657 2655,638 2624,632 2593,649 2573,638 2525,660 2508,655"/>
                <Baseline points="2518,757 2608,746 2697,746"/>
                <TextEquiv>
                    <Unicode>103</Unicode>
                </TextEquiv>
            </TextLine>
            <TextLine id="tr_1_tl_2" custom="readingOrder {index:1;}">
                <Coords points="677,985 2790,956 2900,928 2903,841 680,869"/>
                <Baseline points="692,966 757,966 847,960 936,960 1026,954 1116,954 1205,948 1295,948 1384,942 1474,948 1563,942 1653,936 1742,936 1832,931 1921,925 2011,925 2100,925 2190,919 2279,919 2369,919 2458,913 2548,913 2637,907 2727,907 2816,901 2906,907"/>
                <TextEquiv>
                    <Unicode>als Verstellung und Tücke wäre,dass draus¬</Unicode>
                </TextEquiv>
            </TextLine>
            <TextLine id="tr_1_tl_3" custom="readingOrder {index:2;}">
                <Coords points="731,1168 2880,1083 2883,993 2294,1018 2181,956 1718,1050 734,1047"/>
                <Baseline points="746,1122 829,1116 919,1116 1008,1110 1098,1104 1187,1104 1277,1098 1366,1098 1456,1092 1545,1092 1635,1086 1724,1086 1814,1080 1903,1080 1993,1080 2082,1080 2172,1080 2261,1080 2351,1074 2440,1068 2530,1062 2619,1056 2709,1056 2799,1056 2888,1050"/>
                <TextEquiv>
                    <Unicode>sen im Garten oder vor dem Haus schon die</Unicode>
                </TextEquiv>
            </TextLine>
            <TextLine id="tr_1_tl_4" custom="readingOrder {index:3;}">
                <Coords points="674,1354 906,1278 1075,1332 1179,1267 2869,1244 2895,1143 680,1199"/>
                <Baseline points="692,1277 751,1271 841,1271 931,1265 1020,1265 1110,1259 1199,1259 1289,1253 1378,1253 1468,1247 1557,1247 1647,1241 1736,1241 1826,1235 1915,1235 2005,1235 2094,1229 2184,1229 2273,1223 2363,1223 2452,1223 2542,1217 2631,1211 2721,1211 2810,1205 2900,1205"/>
                <TextEquiv>
                    <Unicode>Häscherbereit stünden und nur den Wink des</Unicode>
                </TextEquiv>
            </TextLine>
            <TextLine id="tr_1_tl_5" custom="readingOrder {index:4;}">
                <Coords points="683,1467 2838,1419 2866,1309 686,1351"/>
                <Baseline points="698,1426 722,1426 811,1420 901,1420 990,1420 1080,1414 1169,1414 1259,1408 1348,1408 1438,1402 1527,1402 1617,1396 1706,1396 1796,1390 1885,1390 1975,1390 2064,1384 2154,1384 2244,1378 2333,1372 2423,1372 2512,1366 2602,1366 2691,1366 2781,1360 2870,1360"/>
                <TextEquiv>
                    <Unicode>Herzogs erwarteten,um den Richter ins Ge</Unicode>
                </TextEquiv>
            </TextLine>
            <TextLine id="tr_1_tl_6" custom="readingOrder {index:5;}">
                <Coords points="691,1602 2847,1552 2940,1518 2943,1405 2756,1470 697,1476"/>
                <Baseline points="710,1581 799,1581 889,1575 978,1575 1068,1569 1157,1563 1247,1563 1336,1557 1426,1557 1515,1557 1605,1557 1694,1551 1784,1551 1873,1545 1963,1539 2053,1533 2142,1533 2232,1527 2321,1527 2411,1527 2500,1521 2590,1521 2679,1521 2769,1515 2858,1509 2948,1503"/>
                <TextEquiv>
                    <Unicode>fängnis zu schleppen, so dass sich alles, was</Unicode>
                </TextEquiv>
            </TextLine>
            <TextLine id="tr_1_tl_7" custom="readingOrder {index:6;}">
                <Coords points="705,1758 2912,1729 2974,1560 708,1665"/>
                <Baseline points="722,1730 740,1730 829,1730 919,1724 1008,1724 1098,1724 1187,1718 1277,1712 1366,1712 1456,1712 1545,1706 1635,1706 1724,1706 1814,1700 1903,1694 1993,1688 2082,1688 2172,1688 2261,1688 2351,1682 2440,1682 2530,1677 2619,1671 2709,1671 2799,1665 2888,1665 2978,1671"/>
                <TextEquiv>
                    <Unicode>er selbst bewusst.lügnerisch als Wahrheit</Unicode>
                </TextEquiv>
            </TextLine>
            <TextLine id="tr_1_tl_8" custom="readingOrder {index:7;}">
                <Coords points="1997,1791 2020,1794 2074,1769 2105,1775 2116,1763 2181,1763 2218,1777 2251,1758 2296,1758 2299,1724 2243,1721 2212,1690 2167,1727 2153,1715 2130,1721 2096,1710 2003,1732"/>
                <Baseline points="2017,1772 2035,1766 2124,1760 2214,1748 2303,1742"/>
                <TextEquiv>
                    <Unicode>an City</Unicode>
                </TextEquiv>
            </TextLine>
            <TextLine id="tr_1_tl_9" custom="readingOrder {index:8;}">
                <Coords points="702,1907 2776,1876 2779,1752 999,1828 818,1780 705,1845"/>
                <Baseline points="722,1885 728,1885 817,1879 907,1879 996,1879 1086,1873 1175,1868 1265,1868 1354,1862 1444,1862 1533,1862 1623,1862 1712,1856 1802,1850 1891,1850 1981,1850 2070,1844 2160,1844 2249,1844 2339,1832 2429,1832 2518,1832 2608,1826 2697,1826 2787,1826"/>
                <TextEquiv>
                    <Unicode>seiner Frau erzählt, sich doch noch als</Unicode>
                </TextEquiv>
            </TextLine>
            <TextLine id="tr_1_tl_10" custom="readingOrder {index:9;}">
                <Coords points="714,2079 2720,2014 2804,1924 1800,1944 1698,1868 1456,1964 717,1955"/>
                <Baseline points="728,2041 751,2035 841,2035 931,2035 1020,2029 1110,2029 1199,2023 1289,2017 1378,2017 1468,2017 1557,2011 1647,2011 1736,2011 1826,2005 1915,1999 2005,1999 2094,1999 2184,1993 2273,1993 2363,1993 2452,1987 2542,1981 2631,1975 2721,1975 2810,1969"/>
                <TextEquiv>
                    <Unicode>Wahrheit erwiese. Er fühlte sich in eine</Unicode>
                </TextEquiv>
            </TextLine>
            <TextLine id="tr_1_tl_11" custom="readingOrder {index:10;}">
                <Coords points="2497,2071 2533,2088 2581,2074 2641,2088 2660,2068 2686,2074 2703,2062 2742,2071 2796,2110 2818,2107 2821,2009 2773,2009 2751,2023 2686,2003 2638,2034 2576,1981 2500,2014"/>
                <Baseline points="2512,2070 2554,2064 2643,2058 2733,2058 2822,2064"/>
                <TextEquiv>
                    <Unicode>A.m.</Unicode>
                </TextEquiv>
            </TextLine>
            <TextLine id="tr_1_tl_12" custom="readingOrder {index:11;}">
                <Coords points="765,2240 2737,2184 2776,2074 767,2102"/>
                <Baseline points="781,2190 811,2190 901,2190 990,2184 1080,2184 1169,2184 1259,2178 1348,2178 1438,2172 1527,2172 1617,2166 1706,2166 1796,2160 1885,2154 1975,2154 2064,2154 2154,2148 2244,2148 2333,2142 2423,2136 2512,2136 2602,2136 2691,2130 2781,2124"/>
                <TextEquiv>
                    <Unicode>Wirrnis geraten, aus der es samt keine</Unicode>
                </TextEquiv>
            </TextLine>
            <TextLine id="tr_1_tl_13" custom="readingOrder {index:12;}">
                <Coords points="765,2375 1301,2347 1495,2438 1696,2330 2460,2353 2976,2316 3013,2246 770,2243"/>
                <Baseline points="781,2351 871,2345 960,2345 1050,2339 1139,2345 1229,2339 1318,2333 1408,2333 1497,2327 1587,2327 1677,2315 1766,2315 1856,2315 1945,2309 2035,2309 2124,2303 2214,2303 2303,2303 2393,2297 2482,2291 2572,2291 2661,2285 2751,2279 2840,2279 2930,2273 3019,2267"/>
                <TextEquiv>
                    <Unicode>Rettung gab er spürte bis in sein Inner -</Unicode>
                </TextEquiv>
            </TextLine>
            <TextLine id="tr_1_tl_14" custom="readingOrder {index:13;}">
                <Coords points="725,2536 2497,2500 2875,2457 2878,2350 728,2418"/>
                <Baseline points="740,2512 823,2500 913,2500 1002,2500 1092,2494 1181,2494 1271,2488 1360,2488 1450,2482 1539,2488 1629,2476 1718,2476 1808,2470 1897,2464 1987,2464 2076,2464 2166,2458 2255,2452 2345,2452 2434,2446 2524,2446 2614,2440 2703,2440 2793,2434 2882,2440"/>
                <TextEquiv>
                    <Unicode>stes, dass Agnes ihn durchschaute und dass</Unicode>
                </TextEquiv>
            </TextLine>
            <TextLine id="tr_1_tl_15" custom="readingOrder {index:14;}">
                <Coords points="736,2675 2421,2663 2799,2627 2802,2531 2412,2486 2212,2562 1374,2531 739,2596"/>
                <Baseline points="751,2661 835,2655 925,2655 1014,2649 1104,2649 1193,2643 1283,2643 1372,2643 1462,2643 1551,2637 1641,2631 1730,2631 1820,2625 1909,2619 1999,2614 2088,2614 2178,2614 2267,2608 2357,2608 2446,2602 2536,2602 2625,2602 2715,2596 2805,2596"/>
                <TextEquiv>
                    <Unicode>sie ihn verachtete, um seines Verrats an</Unicode>
                </TextEquiv>
            </TextLine>
            <TextLine id="tr_1_tl_16" custom="readingOrder {index:15;}">
                <Coords points="387,2754 451,2734 466,2742 513,2728 542,2739 570,2723 615,2723 635,2593 607,2587 564,2610 525,2581 499,2587 477,2570 434,2584 412,2581"/>
                <Baseline points="411,2691 453,2679 543,2667 632,2655"/>
                <TextEquiv>
                    <Unicode>Oorige</Unicode>
                </TextEquiv>
            </TextLine>
            <TextLine id="tr_1_tl_17" custom="readingOrder {index:16;}">
                <Coords points="793,2833 2045,2776 2432,2833 2926,2748 2928,2655 798,2717"/>
                <Baseline points="811,2810 871,2805 960,2810 1050,2805 1139,2805 1229,2799 1318,2799 1408,2799 1497,2793 1587,2787 1677,2781 1766,2781 1856,2781 1945,2775 2035,2769 2124,2769 2214,2763 2303,2763 2393,2757 2482,2757 2572,2751 2661,2751 2751,2751 2840,2745 2930,2733"/>
                <TextEquiv>
                    <Unicode>Tobias Klenk, seiner Verleumdung des Her¬</Unicode>
                </TextEquiv>
            </TextLine>
            <TextLine id="tr_1_tl_18" custom="readingOrder {index:17;}">
                <Coords points="418,2926 528,2957 545,2979 570,2982 609,2959 640,2968 660,2745 612,2723 573,2748 508,2728 463,2742 434,2737"/>
                <Baseline points="435,2876 477,2864 566,2858 656,2852"/>
                <TextEquiv>
                    <Unicode>Sute</Unicode>
                </TextEquiv>
            </TextLine>
            <TextLine id="tr_1_tl_19" custom="readingOrder {index:18;}">
                <Coords points="779,2982 2940,2959 2943,2835 781,2880"/>
                <Baseline points="793,2972 799,2972 889,2972 978,2966 1068,2966 1157,2960 1247,2954 1336,2954 1426,2954 1515,2948 1605,2942 1694,2942 1784,2936 1873,2936 1963,2930 2053,2924 2142,2924 2232,2918 2321,2918 2411,2918 2500,2912 2590,2912 2679,2906 2769,2906 2858,2900 2948,2900"/>
                <TextEquiv>
                    <Unicode>zogs,seiner Devotion, seiner Verschwörungs¬</Unicode>
                </TextEquiv>
            </TextLine>
            <TextLine id="tr_1_tl_20" custom="readingOrder {index:19;}">
                <Coords points="731,3185 2706,3115 2917,3086 2923,2954 734,3061"/>
                <Baseline points="746,3121 775,3127 865,3127 954,3121 1044,3121 1133,3115 1223,3109 1312,3109 1402,3109 1492,3103 1581,3097 1671,3097 1760,3091 1850,3091 1939,3085 2029,3085 2118,3079 2208,3079 2297,3073 2387,3073 2476,3073 2566,3067 2655,3061 2745,3061 2834,3055 2924,3043"/>
                <TextEquiv>
                    <Unicode>komödie, um aller seiner Lügen und Feighei-</Unicode>
                </TextEquiv>
            </TextLine>
            <TextLine id="tr_1_tl_21" custom="readingOrder {index:20;}">
                <Coords points="790,3309 1656,3261 1839,3321 1986,3256 2110,3307 2765,3247 2849,3225 2855,3126 793,3211"/>
                <Baseline points="805,3276 889,3276 978,3276 1068,3270 1157,3270 1247,3270 1336,3264 1426,3258 1515,3258 1605,3258 1694,3252 1784,3246 1873,3240 1963,3240 2053,3240 2142,3234 2232,3228 2321,3228 2411,3222 2500,3222 2590,3216 2679,3216 2769,3216 2858,3210"/>
                <TextEquiv>
                    <Unicode>ten willen, deren ganzes Bewusstsein ihn</Unicode>
                </TextEquiv>
            </TextLine>
            <TextLine id="tr_1_tl_22" custom="readingOrder {index:21;}">
                <Coords points="790,3467 1972,3414 2319,3493 2562,3391 2976,3433 2982,3275 2644,3318 2384,3250 2201,3326 793,3388"/>
                <Baseline points="805,3437 835,3431 925,3431 1014,3431 1104,3425 1193,3425 1283,3419 1372,3419 1462,3413 1551,3413 1641,3407 1730,3407 1820,3401 1909,3401 1999,3395 2088,3389 2178,3389 2267,3383 2357,3383 2446,3383 2536,3377 2625,3377 2715,3371 2805,3371 2894,3365 2984,3365"/>
                <TextEquiv>
                    <Unicode>erst in dieser Stunde überkam. Es fiel ihm</Unicode>
                </TextEquiv>
            </TextLine>
            <TextLine id="tr_1_tl_23" custom="readingOrder {index:22;}">
                <Coords points="742,3634 1351,3645 1777,3560 2457,3606 2844,3575 2968,3479 2584,3422 2322,3496 745,3529"/>
                <Baseline points="757,3592 823,3592 913,3592 1002,3586 1092,3580 1181,3574 1271,3574 1360,3568 1450,3568 1539,3562 1629,3562 1718,3562 1808,3556 1897,3556 1987,3551 2076,3551 2166,3545 2255,3539 2345,3539 2434,3533 2524,3533 2614,3527 2703,3527 2793,3527 2882,3521 2972,3515"/>
                <TextEquiv>
                    <Unicode>ein, ob es nicht das Klügste wäre sich dem</Unicode>
                </TextEquiv>
            </TextLine>
            <TextLine id="tr_1_tl_24" custom="readingOrder {index:23;}">
                <Coords points="784,3749 939,3809 1910,3713 2835,3738 2875,3575 787,3651"/>
                <Baseline points="799,3741 817,3741 907,3741 996,3741 1086,3736 1175,3730 1265,3730 1354,3724 1444,3724 1533,3718 1623,3712 1712,3712 1802,3706 1891,3706 1981,3706 2070,3700 2160,3694 2249,3694 2339,3694 2429,3694 2518,3688 2608,3688 2697,3682 2787,3676 2876,3676"/>
                <TextEquiv>
                    <Unicode>Herzog vor die Füsse zu werfen, alles zu</Unicode>
                </TextEquiv>
            </TextLine>
            <TextLine id="tr_1_tl_25" custom="readingOrder {index:24;}">
                <Coords points="736,3924 2979,3871 2985,3741 739,3806"/>
                <Baseline points="751,3903 835,3903 925,3897 1014,3897 1104,3897 1193,3891 1283,3885 1372,3885 1462,3879 1551,3873 1641,3873 1730,3867 1820,3867 1909,3861 1999,3861 2088,3855 2178,3855 2267,3849 2357,3849 2446,3849 2536,3843 2625,3837 2715,3837 2805,3831 2894,3831 2984,3837"/>
                <TextEquiv>
                    <Unicode>beichten, sogar seine Eifersucht, die er ja nun</Unicode>
                </TextEquiv>
            </TextLine>
            <TextLine id="tr_1_tl_26" custom="readingOrder {index:25;}">
                <Coords points="781,4116 1854,4029 2519,4074 2742,3995 2957,4026 2959,3896 787,3995"/>
                <Baseline points="799,4058 811,4058 901,4052 990,4052 1080,4046 1169,4046 1259,4046 1348,4040 1438,4034 1527,4034 1617,4028 1706,4028 1796,4022 1885,4022 1975,4022 2064,4016 2154,4010 2244,4004 2333,4004 2423,3998 2512,3998 2602,3998 2691,3998 2781,3992 2870,3986 2960,3992"/>
                <TextEquiv>
                    <Unicode>mit einem Mal als die Ursache all seiner</Unicode>
                </TextEquiv>
            </TextLine>
        </TextRegion>
        <TextRegion id="tr_2" custom="readingOrder {index:1;}">
            <Coords points="4112,672 6212,672 6212,2295 4112,2295"/>
            <TextLine id="tr_2_tl_1" custom="readingOrder {index:0;}">
                <Coords points="4096,773 5315,745 5321,545 5185,536 5047,604 4968,561 4861,618 4497,626 4359,573 4099,623"/>
                <Baseline points="4112,763 4159,757 4249,751 4338,751 4428,746 4517,746 4607,746 4696,740 4786,734 4875,734 4965,728 5054,728 5144,728 5234,728 5323,722"/>
                <TextEquiv>
                    <Unicode>Unsinnigkeiten zu erken</Unicode>
                </TextEquiv>
            </TextLine>
            <TextLine id="tr_2_tl_2" custom="readingOrder {index:1;}">
                <Coords points="5953,892 5981,886 5990,894 6040,866 6091,886 6116,866 6139,869 6139,781 6063,784 6037,759 6015,750 5995,762 5953,748"/>
                <Baseline points="5968,853 6057,853 6147,853"/>
                <TextEquiv>
                    <Unicode>ihm</Unicode>
                </TextEquiv>
            </TextLine>
            <TextLine id="tr_2_tl_3" custom="readingOrder {index:2;}">
                <Coords points="4113,931 4737,934 5174,880 5380,911 5383,781 4996,844 4810,753 4754,784 4601,750 4113,866"/>
                <Baseline points="4129,919 4219,907 4308,901 4398,901 4488,901 4577,895 4667,895 4756,889 4846,889 4935,889 5025,883 5114,883 5204,883 5293,877 5383,877"/>
                <TextEquiv>
                    <Unicode>auch hiezu hätte ein Mut</Unicode>
                </TextEquiv>
            </TextLine>
            <TextLine id="tr_2_tl_4" custom="readingOrder {index:3;}">
                <Coords points="5795,1052 5846,1061 5922,1013 5967,1027 6083,1004 6114,1027 6179,1007 6204,1021 6207,939 6156,948 6085,911 6037,942 5967,892 5894,900 5803,877"/>
                <Baseline points="5812,1020 5854,1020 5944,1008 6033,1008 6123,996 6212,1008"/>
                <TextEquiv>
                    <Unicode>ganz an</Unicode>
                </TextEquiv>
            </TextLine>
            <TextLine id="tr_2_tl_5" custom="readingOrder {index:4;}">
                <Coords points="4113,1089 4223,1123 4731,1050 4946,1092 5098,1038 5273,1066 5276,942 5123,976 4954,897 4472,1024 4342,968 4201,1007 4116,982"/>
                <Baseline points="4129,1068 4207,1056 4297,1056 4386,1056 4476,1050 4565,1050 4655,1044 4744,1044 4834,1038 4923,1032 5013,1032 5102,1032 5192,1026 5281,1032"/>
                <TextEquiv>
                    <Unicode>fehlte und wieder sagte</Unicode>
                </TextEquiv>
            </TextLine>
            <TextLine id="tr_2_tl_6" custom="readingOrder {index:5;}">
                <Coords points="5868,1185 5891,1182 5919,1199 5958,1179 6018,1216 6060,1199 6102,1224 6119,1222 6125,1095 6071,1092 6049,1103 6026,1089 6001,1092 5956,1120 5902,1092 5871,1097"/>
                <Baseline points="5884,1163 5950,1163 6039,1157 6129,1157"/>
                <TextEquiv>
                    <Unicode>da s</Unicode>
                </TextEquiv>
            </TextLine>
            <TextLine id="tr_2_tl_7" custom="readingOrder {index:6;}">
                <Coords points="4153,1244 4469,1205 4700,1255 5366,1182 5617,1227 5699,1216 5702,1078 5501,1035 5002,1143 4618,1154 4559,1109 4480,1168 4159,1114"/>
                <Baseline points="4171,1211 4183,1211 4273,1211 4362,1205 4452,1205 4541,1205 4631,1205 4720,1199 4810,1199 4899,1193 4989,1193 5078,1187 5168,1181 5257,1181 5347,1175 5436,1169 5526,1169 5615,1169 5705,1163"/>
                <TextEquiv>
                    <Unicode>deres als er eigentlich wollte</Unicode>
                </TextEquiv>
            </TextLine>
            <TextLine id="tr_2_tl_8" custom="readingOrder {index:7;}">
                <Coords points="4119,1380 6116,1365 6145,1239 4901,1306 4122,1247"/>
                <Baseline points="4135,1366 4183,1366 4273,1366 4362,1360 4452,1360 4541,1354 4631,1354 4720,1354 4810,1354 4899,1342 4989,1342 5078,1342 5168,1336 5257,1330 5347,1330 5436,1330 5526,1324 5615,1324 5705,1318 5795,1318 5884,1312 5974,1312 6063,1312 6153,1307"/>
                <TextEquiv>
                    <Unicode>Lob des Herzogs mit einem tiefen Neigen</Unicode>
                </TextEquiv>
            </TextLine>
            <TextLine id="tr_2_tl_9" custom="readingOrder {index:8;}">
                <Coords points="5975,1498 6009,1495 6021,1484 6063,1515 6100,1515 6108,1507 6150,1518 6170,1515 6170,1416 6142,1405 6114,1408 6052,1360 5995,1388 5975,1382"/>
                <Baseline points="5991,1462 6081,1462 6171,1462 6176,1462"/>
                <TextEquiv>
                    <Unicode>ihm:</Unicode>
                </TextEquiv>
            </TextLine>
            <TextLine id="tr_2_tl_10" custom="readingOrder {index:9;}">
                <Coords points="5420,1498 5513,1492 5535,1507 5583,1501 5597,1518 5631,1518 5676,1481 5769,1498 5775,1371 5721,1354 5699,1332 5575,1368 5532,1346 5476,1368 5468,1357 5425,1363"/>
                <Baseline points="5436,1480 5508,1480 5598,1474 5687,1468 5777,1468"/>
                <TextEquiv>
                    <Unicode>ach es</Unicode>
                </TextEquiv>
            </TextLine>
            <TextLine id="tr_2_tl_11" custom="readingOrder {index:10;}">
                <Coords points="4108,1535 5250,1526 5256,1354 5123,1349 4726,1464 4370,1442 4311,1481 4111,1439"/>
                <Baseline points="4123,1515 4183,1521 4273,1515 4362,1515 4452,1509 4541,1509 4631,1503 4720,1503 4810,1497 4899,1497 4989,1497 5078,1492 5168,1492 5257,1492"/>
                <TextEquiv>
                    <Unicode>des Hauptes erwidernd,</Unicode>
                </TextEquiv>
            </TextLine>
            <TextLine id="tr_2_tl_12" custom="readingOrder {index:11;}">
                <Coords points="4130,1693 4427,1704 4534,1662 4658,1698 4867,1656 5301,1684 5307,1538 5183,1501 4881,1515 4647,1614 4300,1583 4133,1614"/>
                <Baseline points="4147,1677 4237,1665 4326,1665 4416,1665 4505,1659 4595,1659 4684,1653 4774,1653 4863,1653 4953,1647 5043,1647 5132,1647 5222,1641 5311,1641"/>
                <TextEquiv>
                    <Unicode>,,Meines durchlauchtigst</Unicode>
                </TextEquiv>
            </TextLine>
            <TextLine id="tr_2_tl_13" custom="readingOrder {index:12;}">
                <Coords points="4167,1845 4232,1879 4300,1825 4387,1862 4593,1811 4901,1856 5287,1791 5561,1825 5676,1800 5682,1662 5372,1648 5027,1763 4762,1712 4556,1775 4170,1698"/>
                <Baseline points="4183,1826 4255,1820 4344,1820 4434,1820 4523,1820 4613,1808 4702,1808 4792,1808 4881,1802 4971,1802 5060,1796 5150,1796 5239,1790 5329,1790 5419,1790 5508,1790 5598,1778 5687,1778"/>
                <TextEquiv>
                    <Unicode>heit zu erlangen wird mir jed</Unicode>
                </TextEquiv>
            </TextLine>
            <TextLine id="tr_2_tl_14" custom="readingOrder {index:13;}">
                <Coords points="4122,1997 5293,1972 5295,1907 5115,1873 5042,1904 4937,1842 4757,1839 4531,1924 4458,1882 4381,1921 4125,1902"/>
                <Baseline points="4141,1981 4225,1975 4314,1975 4404,1975 4493,1969 4583,1969 4673,1963 4762,1963 4852,1957 4941,1957 5031,1951 5120,1945 5210,1945 5299,1945"/>
                <TextEquiv>
                    <Unicode>höchste Clück bedeuten</Unicode>
                </TextEquiv>
            </TextLine>
            <TextLine id="tr_2_tl_15" custom="readingOrder {index:14;}">
                <Coords points="4139,2155 5250,2122 5253,2026 4951,2068 4644,2006 4418,2085 4319,2051 4142,2082"/>
                <Baseline points="4153,2136 4183,2130 4273,2130 4362,2130 4452,2124 4541,2124 4631,2118 4720,2118 4810,2112 4899,2112 4989,2106 5078,2106 5168,2106 5257,2100"/>
                <TextEquiv>
                    <Unicode>nicht lieber ins Cesio</Unicode>
                </TextEquiv>
            </TextLine>
            <TextLine id="tr_2_tl_16" custom="readingOrder {index:15;}">
                <Coords points="4173,2328 4308,2288 4381,2322 4514,2288 4805,2313 4884,2277 5216,2271 5216,2203 5087,2189 4751,2195 4706,2226 4548,2184 4500,2226 4175,2229"/>
                <Baseline points="4189,2279 4237,2279 4326,2285 4416,2279 4505,2279 4595,2273 4684,2273 4774,2267 4863,2267 4953,2267 5043,2261 5132,2261 5222,2255"/>
                <TextEquiv>
                    <Unicode>wicht, ich durchscha</Unicode>
                </TextEquiv>
            </TextLine>
        </TextRegion>
        <TextRegion id="tr_3" custom="readingOrder {index:2;}">
            <Coords points="4147,2361 6141,2361 6141,3835 4147,3835"/>
            <TextLine id="tr_3_tl_1" custom="readingOrder {index:0;}">
                <Coords points="4127,2460 5214,2438 5214,2367 5152,2381 5104,2339 5047,2367 5008,2328 4915,2378 4855,2350 4703,2390 4130,2381"/>
                <Baseline points="4147,2440 4237,2440 4326,2440 4416,2434 4505,2429 4595,2429 4684,2429 4774,2423 4863,2423 4953,2417 5043,2417 5132,2417 5222,2411"/>
                <TextEquiv>
                    <Unicode>der Kerker auf mich</Unicode>
                </TextEquiv>
            </TextLine>
            <TextLine id="tr_3_tl_2" custom="readingOrder {index:1;}">
                <Coords points="4178,2601 4294,2658 4480,2581 4542,2624 4678,2581 4822,2618 5022,2573 5231,2590 5253,2483 4737,2545 4534,2471 4460,2525 4178,2553"/>
                <Baseline points="4195,2596 4273,2590 4362,2590 4452,2584 4541,2584 4631,2584 4720,2578 4810,2578 4899,2578 4989,2572 5078,2572 5168,2566 5257,2566"/>
                <TextEquiv>
                    <Unicode>meine Frau nach Caro</Unicode>
                </TextEquiv>
            </TextLine>
            <TextLine id="tr_3_tl_3" custom="readingOrder {index:2;}">
                <Coords points="4150,2770 4785,2765 4838,2728 4912,2762 5298,2751 5301,2658 5132,2632 4841,2694 4695,2618 4153,2706"/>
                <Baseline points="4165,2757 4231,2751 4320,2745 4410,2745 4499,2739 4589,2739 4678,2739 4768,2733 4858,2727 4947,2727 5037,2727 5126,2721 5216,2715 5305,2715"/>
                <TextEquiv>
                    <Unicode>sen. So hätte man ihnw</Unicode>
                </TextEquiv>
            </TextLine>
            <TextLine id="tr_3_tl_4" custom="readingOrder {index:3;}">
                <Coords points="4198,2912 4285,2943 4562,2909 4717,2999 4844,2897 5411,2886 5414,2833 5059,2796 4917,2844 4689,2742 4201,2799"/>
                <Baseline points="4213,2900 4255,2900 4344,2900 4434,2894 4523,2894 4613,2894 4702,2894 4792,2888 4881,2888 4971,2882 5060,2882 5150,2876 5239,2876 5329,2870 5419,2870"/>
                <TextEquiv>
                    <Unicode>gehalten Aber alles, was</Unicode>
                </TextEquiv>
            </TextLine>
            <TextLine id="tr_3_tl_5" custom="readingOrder {index:4;}">
                <Coords points="4161,3086 4867,3044 5061,3072 5188,3038 5191,2974 5019,2985 4929,2934 4875,2979 4731,3002 4379,2974 4164,3007"/>
                <Baseline points="4177,3061 4207,3061 4297,3055 4386,3049 4476,3049 4565,3049 4655,3043 4744,3043 4834,3037 4923,3037 5013,3037 5102,3031 5192,3031"/>
                <TextEquiv>
                    <Unicode>mochte, war schlimmer</Unicode>
                </TextEquiv>
            </TextLine>
            <TextLine id="tr_3_tl_6" custom="readingOrder {index:5;}">
                <Coords points="4153,3242 5298,3194 5304,2971 5101,3070 4954,3041 4782,3081 4573,3058 4500,3098 4412,3061 4159,3084"/>
                <Baseline points="4171,3210 4231,3210 4320,3204 4410,3204 4499,3204 4589,3198 4678,3198 4768,3192 4858,3192 4947,3180 5037,3180 5126,3180 5216,3180 5305,3180"/>
                <TextEquiv>
                    <Unicode>und Tod.) War es nicht in</Unicode>
                </TextEquiv>
            </TextLine>
            <TextLine id="tr_3_tl_7" custom="readingOrder {index:6;}">
                <Coords points="4204,3397 5281,3360 5312,3213 4965,3205 4782,3298 4483,3278 4387,3318 4297,3278 4206,3312"/>
                <Baseline points="4219,3360 4243,3354 4332,3360 4422,3354 4511,3354 4601,3348 4690,3348 4780,3348 4869,3342 4959,3336 5049,3342 5138,3336 5228,3330 5317,3330"/>
                <TextEquiv>
                    <Unicode>dem Herzog solches in</Unicode>
                </TextEquiv>
            </TextLine>
            <TextLine id="tr_3_tl_8" custom="readingOrder {index:7;}">
                <Coords points="5865,3493 5885,3490 5913,3504 5956,3481 5973,3481 5992,3496 6015,3481 6021,3490 6049,3476 6069,3481 6071,3397 6057,3397 6023,3371 6001,3374 5990,3360 5973,3374 5964,3369 5942,3377 5922,3363 5894,3383 5871,3383"/>
                <Baseline points="5884,3467 5974,3467 6063,3461 6075,3467"/>
                <TextEquiv>
                    <Unicode>sio</Unicode>
                </TextEquiv>
            </TextLine>
            <TextLine id="tr_3_tl_9" custom="readingOrder {index:8;}">
                <Coords points="4204,3541 5279,3507 5284,3346 5008,3366 4805,3456 4570,3459 4514,3414 4449,3459 4311,3439 4204,3476"/>
                <Baseline points="4219,3515 4302,3515 4392,3515 4482,3509 4571,3509 4661,3503 4750,3503 4840,3497 4929,3497 5019,3491 5108,3491 5198,3485 5287,3491"/>
                <TextEquiv>
                    <Unicode>en und war es nicht</Unicode>
                </TextEquiv>
            </TextLine>
            <TextLine id="tr_3_tl_10" custom="readingOrder {index:9;}">
                <Coords points="5874,3662 5922,3668 5939,3659 5953,3668 5964,3656 5984,3676 6006,3665 6049,3687 6108,3665 6133,3673 6133,3541 6105,3529 6071,3560 6035,3549 6001,3569 5981,3552 5958,3558 5874,3535"/>
                <Baseline points="5890,3622 5980,3628 6069,3628 6141,3622"/>
                <TextEquiv>
                    <Unicode>der d</Unicode>
                </TextEquiv>
            </TextLine>
            <TextLine id="tr_3_tl_11" custom="readingOrder {index:10;}">
                <Coords points="5504,3637 5532,3637 5549,3651 5564,3642 5575,3656 5631,3642 5651,3656 5662,3651 5674,3662 5690,3662 5696,3518 5645,3501 5620,3524 5609,3512 5589,3504 5580,3510 5547,3490 5530,3507 5510,3507"/>
                <Baseline points="5520,3634 5610,3634 5699,3628"/>
                <TextEquiv>
                    <Unicode>erfo</Unicode>
                </TextEquiv>
            </TextLine>
            <TextLine id="tr_3_tl_12" custom="readingOrder {index:11;}">
                <Coords points="4235,3699 5013,3645 5259,3676 5307,3659 5312,3496 4884,3510 4796,3580 4683,3597 4390,3535 4238,3555"/>
                <Baseline points="4249,3664 4332,3664 4422,3664 4511,3658 4601,3664 4690,3658 4780,3652 4869,3652 4959,3646 5049,3646 5138,3640 5228,3640 5317,3634"/>
                <TextEquiv>
                    <Unicode>vor ihm auf die Knie</Unicode>
                </TextEquiv>
            </TextLine>
            <TextLine id="tr_3_tl_13" custom="readingOrder {index:12;}">
                <Coords points="5685,3806 5705,3803 5733,3834 5775,3826 5840,3783 5854,3795 5885,3783 5925,3789 5964,3820 6012,3812 6015,3699 5964,3701 5939,3685 5902,3696 5857,3682 5843,3696 5812,3696 5767,3670 5685,3673"/>
                <Baseline points="5699,3783 5753,3777 5842,3783 5932,3777 6021,3777"/>
                <TextEquiv>
                    <Unicode>nes</Unicode>
                </TextEquiv>
            </TextLine>
            <TextLine id="tr_3_tl_14" custom="readingOrder {index:13;}">
                <Coords points="4156,3859 4314,3899 4452,3834 4796,3817 4847,3857 5163,3809 5352,3964 5420,3905 5595,3933 5600,3707 5389,3699 5318,3639 4743,3769 4480,3670 4300,3718 4159,3682"/>
                <Baseline points="4171,3825 4261,3825 4350,3825 4440,3819 4529,3819 4619,3813 4708,3813 4798,3813 4887,3807 4977,3807 5066,3801 5156,3801 5245,3801 5335,3801 5424,3795 5514,3789 5604,3783"/>
                <TextEquiv>
                    <Unicode>Reumütigen zu spielen, sich</Unicode>
                </TextEquiv>
            </TextLine>
        </TextRegion>
    </Page>
</PcGts>
