6632 4504
2397 626 2616 775 113
740 786 2608 1022 mit dem Herzog davonfuhr.Er hörte,
765 944 2752 1163 wie das Murmeln lauter wurde,er glaub-
775 1103 2709 1315 te das eine oder andere zusammenhang¬
800 1236 2746 1456 lose Wort zu verstehen,es war ihm,als
805 1375 2809 1632 würde auch sein Name genannt, dann ent¬
819 1551 2844 1798 fernten sich die Stimmen. Ihm (aber) blieb
822 1684 2709 1925 ein Brausen im Ohr, das Zimmer drehte
803 1781 992 1868 my
832 1852 2915 2077 sich um ihn, die Beine waren ihm be- blei
830 1968 2738 2258 schert,es wirbelten ihm die Sinne Er
849 2174 2728 2408 blickte zum Fenster hin,er stand so,
857 2353 2700 2540 dass ihn von draussen niemand sehen
859 2418 2714 2736 konnte. (Das beruhige ihn ein weni)
884 2635 2673 2882 Fr lauschte hinaus in die Küche.Es
873 2755 2814 3047 war still (Gewiss war auch)die Dienst¬
1987 2915 2286 3023 glurf.
892 2985 2798 3175 magd davon. Vielleicht war sie in den
1979 3064 2332 3169 Bergue
895 3099 2841 3332 Markt geeilt zu seinem Schwiegervater
2126 3207 2521 3340 Harlbarn
916 3240 2928 3468 voraussichtlich ihm die Neuigkeit brin
935 3435 2882 3644 gen. Er schlich zur Türe, die noch offen
2513 3506 2757 3609 cite
922 3582 2958 3798 stand und sperrte sie ab ohne zu wissen
935 3712 2684 3929 warum. Dann liess er sich auf den
944 3869 2901 4127 Stihl nieder, dem gk ichen,auf dem der
5780 442 6008 607 114
4127 613 6024 838 Herzog gesessen war und krampfte das
4156 781 6127 1006 Tischtubh zwischen den Händen,dass die
4164 930 6117 1136 Teller und Gläser klirrten und stöhn-
4170 1074 6046 1304 te vor sich hin mit verglasten Augen
4156 1247 6057 1445 Er griff nach einem der Messer, liess
4170 1361 6065 1575 es hin und her spielen und (flüchtig)
4181 1551 6019 1746 dachte er, dass er am klügsten daran
4202 1705 6111 1898 täte sich den Hals abzuschneiden; aber
4197 1811 6377 2044 er wusste (zugleich), dass er dergleichen knt
4427 1949 6190 2096 nicht gestellten von xxx dortierten und mit
4208 2023 6087 2183 nimals tun würde. Was aber sollte er
4764 2145 5493 2239 Mient majeuse
4205 2147 6087 2375 beginnen?) Hier sitzen und warten, bis
4221 2315 6190 2505 der Herr Schwiegervater kamund andere
4240 2500 6108 2676 Leute aus dem Städtcheh und ihm ihre
4235 2578 6233 2847 höhnische Teilnahme bezeugten (Sie soll-
4674 2771 4994 2858 verritn
4249 2776 6165 2977 ten nur kommen. Keiner durfte ihm heu-
4243 2909 6258 3159 te über die Schwelle Oder Gollte er war
4273 3053 6293 3362 ten bis Agnes wieder von ihrer Spazier-
4254 3202 6125 3432 fahrt heimkehrte mit dem Herzog? (Un-
4566 3346 6081 3479 the Land-Himbehil.  In simple.
4273 3381 6195 3614 sinn Sie kam nicht mehr zurück. Und es
4685 3541 4921 3647 nen
4289 3538 6201 3742 war das Beste,was sie tun konnte. Sie
4281 3668 6171 3999 sollte nur in Karolslust bleiben bei
