6696 4408
4947 188 6226 338 4: une nuitorte et en
4416 224 4777 370 Tolier
5643 406 5870 589 128
3997 606 6112 783 die Grenze muss ich nun einmal. Da bleibt
2632 699 2829 825 127
4015 729 6280 932 nichts übrig. Und womöglich noch in der xxx
917 777 2919 1114 nicht wissen kann." „Avisiert“, wieder-
4006 884 6411 1153 Nacht. Ich habe Freunde drüben. Aber du Gott ouvent
863 986 2952 1270 holte Adalbert ganz dumm und wirr“, und
4027 1019 6014 1294 Narr, was geschieht mit dir? Wie denkst
1419 1150 1984 1279 ret a. viel.
4233 1177 5554 1320 & Hus ich bliebte rechsen
887 1183 2901 1440 wenn auch, mogen sie avisieren.“ Und er
4021 1222 6077 1407 du's vor dem Herseg zu verantworten, der
890 1338 2898 1571 winkte dem Tobias ihm ins Speisezimmer
4341 1353 4858 1467 dess de me
4030 1368 5876 1556 du zuerst mich verurteilst (mich ins
3439 1297 3938 1595 chef a i
896 1506 2940 1703 zu folgen. Da glänzte das weisse Tisch-
4048 1488 6032 1733 tiefste Loch sperren lässt,du Schuft--
3451 1556 3973 1712 ture gile.
905 1640 2982 1855 tuch und die Gläser blinkten im dämmri-
3445 1655 3932 1787 to den
4042 1679 6029 1876 und er hob die Faust - und kaum dreht
3442 1745 3845 1939 Stdagh
914 1810 2993 2046 gen Raum noch halb gefüllt. Adalbert be¬
4063 1804 6002 2005 der Herzog den Rücken schickst du mir
3454 1891 3866 1993 her wt.
908 1960 2533 2202 gann zu erfassen. So und nicht
2668 1957 2907 2115 an¬
6178 1924 6390 2100 donnée
3460 1972 3884 2124 27 ct do...
4060 1954 6106 2172 den Kerkermeister und drei Silbergulden
2318 2017 2653 2166 Hint. I
911 2109 3005 2327 ders konnte es sein: Tobias/war der Mei-
3477 2082 3967 2226 kennen
4054 2058 6178 2324 dazu und lässt mich frei.“ „Das ist meine
1969 2217 2211 2324 welche
5682 2220 6133 2330 verwandten
3522 2199 3943 2345 him was
914 2259 2874 2462 nung, dass er,Adalbert, (ohne Wissen des
4072 2273 6148 2495 Sache“ sagte Adalbert. Und nun wusste er
2300 2330 3232 2468 aussiges Nachtvoll kund
3528 2321 3976 2477 Crelbut
5724 2354 6277 2498 w. &a
923 2444 2892 2653 Herzogs ihn wieder freigelassen. Ja, so
4045 2420 6044 2617 auch, dass der Herzog nicht im eigenen,
3510 2432 3973 2578 of E.M.
932 2563 3014 2805 war es. „Satz dich,Tobias“,sagte er mit
4081 2554 6032 2799 sondern in Adalberts Namen den Tobias
3510 2542 3961 2823 neifil
935 2725 3041 2943 wachsendem Mut, (vielleicht hast du Appe-
4081 2698 6133 2922 aus dem Gefängnis entlassen.
5557 2835 6205 2934 Nen trist den
881 2916 2910 3137 titz: Wirst heute nicht viel zu Mittag
4093 2910 5981 3080 zum Teufel hatte der Herzog das ver-
941 3035 3017 3265 gegessen haben (Hier ist noch etwas Back
4257 3056 4466 3167 sevr
4093 3011 6190 3229 schwiegen, als er hier am Tische sass? Aus
950 3185 2970 3442 werk und Wein." Onder schenkte ihm in
4108 3212 6142 3466 Tücke oder um mich zu demütigen vor To-
1010 3325 3029 3546 das Glas, aus dem vor kaum einer Stunde
4105 3340 6247 3537 bias und Agnes? Wieder verwirrte sich ihm
959 3519 2925 3743 der Herzog getrunken,und es wurde ihm
4084 3501 6277 3770 alles. (Sollte er nun vielleicht dem Tobias
1583 3540 3113 3749 in de Auforz uwe Rack + sagte T.
959 3681 2928 3881 wohl dabei. Der Kukuk hole Speise und
4177 3648 6035 3961 über die ganze Angelegenheit klaren
971 3827 2928 4048 Wein" plötzlich,nachdem er getrunken.
1177 3949 1792 4069 I sent it
986 3988 2949 4156 „Wir haben zu reden miteinander.Ueber
