3528 4328
2782 479 3102 600 a rivre
2575 441 2732 577 /2/
2517 542 2696 706 137
963 726 2782 912 ist. Zum Teufel mein Amt, mein Weib,
900 900 2772 1121 meine Ehre, in die Welt muss ich hi
905 1048 2714 1275 naus (um mir eine neue Stellung und
905 1179 2933 1366 ein neues Heim zu gründen, all das weil
925 1356 2948 1527 ich dich vor dem strick gerettet und du
930 1507 2722 1666 drohst mir?"Wenn du die Wahrheit
927 1638 2772 1845 sprichst,Adalbert, so hab ich nicht
1457 1764 2575 1915 be viel die wie die läßt
937 1870 2883 2049 gedroht. Aber ich will dir nur sagen,
935 2003 2817 2132 dass ich mir all das nicht zusammen
948 2150 2893 2321 reimen kann.Erstens einmal,wenn es so
2311 2213 2812 2334 désirer plet
948 2291 2903 2482 gefährlich für dich stund, warum lies
948 2447 2704 2611 sest du mich frei noch am selben
953 2613 2797 2807 Tag? Ferner, woher kannte der Herzog
960 2712 2807 2923 dein Weib? Und endlich wie zwang er
983 2903 2916 3064 sie so rasch mit ihm nach Carols
2573 2999 2908 3092 schon eerste
1016 3084 2855 3238 lust zu fahren,wenn sie nicht eines
963 3226 2817 3407 Sinnes mit ihm war. (Und wenn du sie
1827 3324 2273 3432 nostort de
963 3382 2916 3616 ziehen liessest, warum packst du deine
973 3546 2976 3737 Sachen zusammen, als hättest du noch in
983 3667 2883 3868 mer was zu fürchten von ihm? * J.Was
985 3843 2999 4035 sollen die Fragen,Tobias,steh ich hier
