6696 4184
4273 282 4848 518 Reinflut
3781 362 6456 744 Seitheitsleiten, gebäurter
4047 581 4585 724 dire.
970 548 2917 827 Hartnäckigkeit, als am nächsten Morgen
3748 655 6157 1010 dled it (v.f.ll.)  beguehen p sich
954 751 2452 964 Adalbert das Haus verliess/
1269 877 2884 1110 An diesem Tage wurde in Karols-
3768 880 6200 1233 statt, waren „gleitgils wie von
967 1013 2837 1263 markt viel von der Heimkehr des Her-
1233 1189 1572 1306 gement.
3758 1090 6186 1425 je ind de l'instend, dass
983 1163 2980 1425 zogs erzählt,ohne sonderliche Erregung,
977 1339 2914 1595 wie von einer Neuigkeit unter andern,
3728 1306 6090 1641 de Turd  d. Beidung
967 1505 2980 1708 die von der fürstlichen Persönlichkeit
3761 1562 6313 1877 in Lord Lagebyl we, kan wohl
980 1641 2834 1874 ###rxxn um die es sich haueltekaber
980 1811 2930 2017 nicht von irgend welchen politi-
3771 1854 6299 2067 seine wie zur Gewiß; aber
990 1980 2977 2153 schen Erwägungen oder Erwartungen ihre
3808 2000 6173 2342 die Erregung war der Crugen
973 2080 2688 2332 Farbe erhielt. Auch an Agnes Ohr
4984 2213 5256 2316 alue
987 2293 3020 2489 klang sein Name mehr als einmal an die-
3854 2229 6486 2548 deneil il m m mait en bel
980 2445 2778 2641 sem Tag,aber sie selbst sprach ihn
2429 2495 2990 2631 n'écrire des tout
3834 2512 6266 2731 men iHre in lelut euyl ik
983 2598 2881 2794 nicht aus.Adalbert (selbs) als er zur
3814 2628 6449 2920 de Thalse en Thoulant du jour
997 2744 3004 2964 Mahlzeit nachhause kamjerwähnte nun in
993 2864 2957 3097 Kürze, auch mit mancherlei anderem, was
3857 2811 6323 3140 & not went out over in
1000 3014 2960 3266 er heimbrachte, die hevorstehende hei
4941 3057 5775 3220 hult in -
3841 3087 6260 3419 Seit Agne   [illegible]
997 3186 2761 3412 mat des jungen mürsten, mit einer
1007 3332 3010 3545 württembergischen Prinzessin,ohne jede
3864 3296 6479 3741 and do it Vater in de Apotheke,
1000 3495 3033 3705 Anspielung auf all das Widersprechende,
3867 3555 6276 3874 her in ergeblick that it is
987 3635 2894 3934 was er gestern vom Herzog erzählt, ja
