6792 4472
842 761 2869 1066 doch wohl (als eine wackere Bürgersfrau
854 938 2910 1144 zuerst getan.9 Jnein,Adalbert, ich (stand
868 1083 2721 1312 ja ganz starr am Fenster und dachte
868 1243 2825 1452 nicht gleich daran, dass es der Herzog
1336 1391 2811 1513 - lue-il, wen glaubet an, ut istant -2
883 1443 2915 1635 wäre. Ich dachte es sei einer der Kava-
889 1556 2849 1774 liere von Hof, wie wir sie manchmal in
854 1699 2941 2001 (der letzten Zeit) vorheifahren sahen. Ich
1728 1864 2085 1972 but it is
2009 1870 2843 2065 lächelte er und
891 1951 1835 2070 sah ihn nur an, der
1298 2033 1832 2140 eit nicht in
2218 1992 2619 2108 Uurich.
891 2053 2854 2291 grüsste.Dann freilich neigte ich mich
909 2160 3046 2381 sehr tief.“ „Da hast du recht daran getan,
897 2364 2831 2593 Agnes.Es muss freilich etwas komisch
903 2497 2959 2753 ausgesohon haben, wenn du dabei geradeso
920 2634 2962 2875 rot geworden bist als jetzt,da du mirs
1655 2773 2474 2895 Unredi beteur
926 2788 3008 2994 erzählst. Und immer noch beherrscht nahm
932 2921 2878 3151 er sie um die Hüfte und geleitete sie
926 3092 2939 3307 zu Tisch, wo eben die Suppe aufgetragen
941 3252 2991 3531 war. Agnes teilte vor und sagte: „Es mag
944 3464 2854 3606 wohl sein, dass ich ihm etwas komisch
944 3545 3278 3766 orschien, denn er wandte sich noch einmal
947 3708 2962 3993 um und winkte mir noch einen Gruss zu.
952 3853 2878 4115 „Ist es möglich?“ sagte Adalbert mit
958 3998 3017 4239 dem Löffel heftig die Suppe rührend.Was
4550 421 5314 752 tullancead part
4077 587 6159 923 für ein höflicher Herr (Man sollte es ihm
4094 784 6054 1086 nicht zutrauen). Nun wenn die Tante Ka¬
4106 891 6098 1222 tharina am Fenster gestanden wäre, dann
4100 1089 6089 1368 hätte sich der Herzog wohl nicht umge-
5177 1260 5442 1359 Reine
4118 1211 6194 1516 wandt,vielleicht nicht einmal gegrüsst,
4475 1440 5253 1554 am Ende ja in er¬
4135 1403 6019 1681 sie vielleicht nicht einmal bemerkt.
4158 1548 6104 1832 „Warum nicht,Adalbert? Du meinst, sein
4155 1713 6208 1969 Gruss galt nur meiner Jugend und meinem
4173 1858 6046 2134 leidlichen Gesicht? Da irrst du dich
4178 1972 6179 2308 gewiss. Hättest du ihn nur gesehen. Wel
4193 2152 6080 2422 che Herablassung,welche Güte, welcher
4190 2277 6109 2596 Adel in seinem Blick (Ich war auch um
4222 2457 6269 2767 deinetwillen froh,Adalbert und für
4225 2613 6217 2904 uns alle Dann weiss ich, dass für unser
4242 2764 6185 3075 Land goldene Zeiten anbrechen werden.
4260 2895 6310 3232 „Glaubst du.Agnes (Dann wäre ja elles in
4254 3040 6304 3357 schönster Ordnung.)Was du alles aus sei-
4269 3209 6252 3516 nem Lächeln herauszulesen vermochtest.
4260 3360 6141 3679 Es muss wohl an mir liegen, dass ich
4298 3580 6202 3821 nicht das Gleiche aus ihnenxx seinen
4533 3627 4814 3731 wird
4300 3665 6316 3975 Zügen lesen konnte. Was freilich daher
