6584 4280
981 461 2777 815 Vergnügungen der Liebe geneigt fen¬
970 800 2756 957 den, verteilte er unter die Mädchen
970 903 2644 1135 ein Spiel Tarokkarten und welche
999 1125 2740 1295 von ihnen den Pagat gezogen, hatte
994 1255 2862 1410 die Ehre für die kommende Nacht Ge¬
1005 1356 2716 1562 nossin seines Betts zu sein.) (Die
1018 1548 2854 1724 Klausur aber, so streng sie war, galt
1018 1719 2854 1876 nur insofern, als jedes von den Mäd¬
1029 1860 2878 2025 chen aus dem üppigen, (ausser von dem
1034 1993 2913 2185 Gitter noch von undurchsichtigen He-
1042 2177 2854 2359 cken umgebenen) Park nur in dem Fal¬
1053 2329 2947 2481 le entlassen wurde, dass sie sich bei
1674 2433 2239 2532 teil u titre
618 2478 2708 2670 ### schwere Strafe verpflichtete am
1066 2636 2955 2817 gleichen Tag,ob sie nun eine Tochter
1066 2772 2809 2969 des Landes oder innerhalb fremder
1085 2939 2910 3086 Gemarken zuhause war, sich über die
2073 3035 2582 3163 beleitet un
1077 3099 2932 3241 nahgelegene Grenze (ausser Landes zu
1053 3193 2412 3321 wohin eie in ges blosreven Rück se
1090 3251 2873 3475 begeben. Da der Herzog genaue Be-
1090 3339 2804 3571 stimmung getroffen,dass im Falle
1109 3547 2801 3710 seines (unerwarteten) Hinscheidens
1119 3712 2913 3862 sich die Pforten des Schlosses und
5847 488 6012 594 18
3984 640 5919 784 trat er im Alter von siebenundzwanzig
4045 834 6159 965 Jahren in seinem Geburtsort das Richter-
6140 898 6335 1023 avec
4952 903 5634 1047 we am
4045 927 6103 1114 amt an, das er mit leidlicher Würde, dem
4048 1117 6082 1255 Buchstaben des jetzes nach verwaltete,
4056 1287 6095 1410 Im Alter von dreissig Jahren nahmer die
4053 1436 6002 1559 Tochter des Apothekers und Bürgermei-
4045 1604 6004 1727 sters Severin Thormeyer### zum Weib, ein
5517 1668 6012 1770 deux greslle.
4845 1714 5085 1778 were
4067 1767 5954 1879 zartes, stilles Geschöpf, das in Treue
4331 1866 4629 1961 Ailléon
4061 1940 5975 2023 und Verehrung ihrem gelehrten Gatten
4061 2071 6137 2185 anhing, ihm sein von den Eltern ererbtes
4069 2228 6031 2340 kleines Häuschen, sowie die Wirtschaft
4072 2361 5972 2510 in besten Stand erhielt, und unbeirrt
4027 2518 5994 2638 in Herz und Sinnen dahin lebte, wie es
5173 2620 5498 2702 aussi
4080 2681 6095 2804 einer Bürgerstochter ziemte, die in ei-
4072 2849 6167 2974 ner kleinen Stadt, mit einem engen Kreise
4037 2993 6153 3153 und ohnechnung einer weiteren und grös¬
5506 3070 5948 3163 nach der
4051 3099 6044 3278 seren Welt aufgewachsen war.
4080 3257 6220 3499 keine sehnsucht rief zu völliger Zufrie
4045 3438 5983 3576 denheit fehlte ihr nichts weiter als
4120 3603 6164 3731 wachkommenschaft, auf die zu hoffen nach
4104 3787 6028 3894 einer kaum dreijährigen Ehe immerhin
