3304 4088
2554 297 2733 444 152
796 402 2791 604 hartem Ton.Adalbert erhob sich und was
851 544 2581 749 te nicht aufzuschauen.Der Herzog
794 696 2731 881 schwieg eine ganze Weile, dann wandte
791 864 2686 1053 er sich an Tobias Klehk: Ab nun Euer
834 1018 2836 1168 Freund/Recht hat oder nicht mit seiner
1455 1148 1997 1248 une lettre
2688 1151 2993 1313 s Rach
781 1171 2788 1390 Meinung mein Anbot bleibt aufrecht. Es
2803 1258 2931 1383 7th
2796 1355 2936 1450 sur
794 1323 2741 1483 ist an Euch es anzunehmen oder auszu¬
2771 1420 2926 1543 very
786 1503 1283 1667 schlagen.
1111 1613 2696 1782 „Durchlauchtigsten Herzog“, erwi¬
786 1787 2584 1940 derte Tobias, mit allem schuldigen
786 1927 2723 2099 Dank schlage ich es aus. Ein so arger
791 2094 2661 2269 Lumpenkerl, mit Respekt zu vermelden,
836 2244 2624 2419 der Herr Richter Adalbert Wogelein
781 2384 2571 2574 auch sein mag,wie ich ihn schon in
796 2549 2616 2711 seinen Kinderjahren erkannt,es wäre
781 2706 2666 2898 wohl möglich, dass ich noch immer der
774 2833 2678 3060 schlimmere von uns beiden bin. Viel
781 2983 2609 3165 leicht jetzt das Geständnis,dass er
771 3143 2619 3357 sich im Revier herumschlich, um die
771 3325 2691 3512 Oertlichkeit für einen späteren Mord
786 3472 2094 3625 versuch zu inspizieren.) )
