3160 4152
2344 387 2546 560 140
790 439 2761 740 Herzog übel will, die Kerkertür aufzu-
807 711 2630 873 tun, obzwar ich dir auch das niemals
792 861 2670 1026 zugetraut,aber vielleicht hast du es
797 1009 2579 1224 nur getan, weil du die Rache meiner
795 1172 2680 1372 Freunde fürchtetest:- und ein andres
807 1360 2734 1540 Adalbert, in jedem Augenblick zu jeder
836 1466 2606 1675 Tat bereit zu sein, zu der die Bru-
807 1614 2736 1841 derschaft Auftrag und Befehl erteilt
799 1782 2524 1991 und wär's auch eine, die den vopf
795 1917 2692 2157 kosten kann,ob sie gelint oder miss
797 2083 2443 2275 lingt. Bist du nicht völlig ent
915 2248 2628 2440 chlossen,dalbert,so bleib lieber
792 2386 2724 2601 daheim. Denn hier,dafür leg ich meine
795 2532 2695 2719 Hand ins weuer,droht dir nunmehr kei
799 2682 2593 2892 nerlei Gefahr. Vielmehr (verwett ich
886 2823 1246 2924 mein k
795 2877 2537 3035 mein Leben, dass nun dir die glor
1320 2968 2068 3079 on eerst einntzelen.
792 3018 2630 3161 reichste Kaufbahn bevorsteht, wie es
807 3149 2620 3366 schon mancher andere in deiner Lage
782 3314 2739 3516 erfahren, Mag auch mancher anfangs die
790 3442 2771 3677 Nase über dich rümpfen, es dauert nicht
809 3620 2695 3834 lang sie finden sich alle darein, und
