3528 4376
2550 570 2709 725 143
1032 730 1204 882 bif
1032 727 2810 953 sagte der Herzog, der Lakai zündete
2169 872 2356 973 duc
1041 924 3014 1088 die Kerzen der zwei fünfarinigen Leuch¬
2530 995 3146 1115 uf du burs elle
1439 1046 2257 1152 suite du Revt en notre
1041 1081 2807 1263 ter an, die auf dem Tische standen
1088 1169 2945 1412 All das geschah ohne dass ein Wort
1078 1366 2805 1567 gesprochen wurde. Auf einen Wink
757 1294 867 1533 1
614 1432 725 1587 E
1066 1550 2952 1751 entferte sich der Lakai und schloss
1078 1648 2854 1864 die Türe hinter sich ab. „Schliesst
1071 1815 3046 2039 Ihr die andere „Tobias Klenk“, sagte der
1071 1994 2837 2218 Herzog. Tobias tat,wie ihm geheis
1078 2144 3041 2336 sen. Nun waren die drei Männer in dem
1091 2306 2881 2483 abgeschlossenen Raum.nur das eine
1115 2456 2992 2682 enster gegendie Strasse zu war offen
1100 2633 2893 2837 und im leichten Frühlingsabendwind
1100 2749 2572 2982 flackerten die verzeiflammen
1466 2898 3033 3107 Der Herzog, als wäre er hierzu
2726 3016 3038 3127 legen.
1103 3088 3041 3284 hause nahm am Tische Platz und sagte.
1127 3220 3014 3424 „Erst mit Euch ein Wort (Herr) pichter
1120 3385 2957 3569 Adalbert Wogelein.Es tut Euch wohl
2255 3473 3110 3589 cune unle tems bemohr
1125 3542 3100 3768 nichts, dass Tobias Klenk anwesend ist,
1125 3709 2920 3893 mit dem Ihr ja befreundet seid.Ihr
1142 3866 2987 4087 sehr, ich komme allein. Euer Weib hab
