3288 4088
2475 416 2666 543 150
726 543 2714 716 nächster Gelegenheit, mochte er es auch
734 706 2569 919 dem Herzog gegenüber tausendmal ver
749 871 2450 1028 schwören, sein Mütchen an Adalbert
736 995 2554 1252 kühlen Und so stürzte er von seiner
746 1183 2785 1361 Angst völlig um alle Besinnung gebracht,
731 1351 2607 1465 vor dem Herzog auf die Kniee.und ehe
731 1488 2610 1635 noch Tobias antworten konnte, rief er
731 1622 2678 1805 aus: „Was liegt an mir, herzogliche Gna
746 1792 2562 1957 den und an meinem armseligen Leben.
797 1978 2511 2097 Nicht darum flehe ich herzogliche
744 2102 2782 2247 Durchlaucht an den Tobias Klenk in hoch-
744 2265 2625 2430 dero Dienste zu nehmen). Nur durch ein
746 2389 2739 2551 aufrichtiges Geständnis vermag ich mei
731 2541 2729 2694 ne innigste Dankesschuld an Euer Durch
736 2701 2709 2871 laucht abzutragen.Es gibt eine geheime
749 2859 2757 3006 Brüderschaft in deutschen Landen.Tobias
739 3003 2719 3161 selbst hat es mir gestanden,er wird es
749 3156 2716 3331 nicht leugnen,die verbrecherische An -
746 3300 2678 3481 schläge gegen die geheiligten Häupter
751 3488 2709 3663 der Fürsten plant.Mir ist nichts Nähe-
754 3605 2727 3793 res von ihnen bekannt, doch, dass diese
