6744 4456
2648 599 2812 762 75
5688 660 6123 920 eschehen
4065 768 5422 981 Frau schon von dem wussten
821 823 2865 1013 Tobias Klenk selbst hatte es ihm unmög-
5776 885 6129 1072 mochte
4073 899 5452 1153 war und wer und in welcher
826 940 2821 1121 lich gemacht. Und was hätte es dem To-
4065 987 6287 1270 man ihr die Geschichte hinterbracht haben?
832 1092 2832 1296 bias genützt, wenn Adalbert ihn freige-
2587 1183 3022 1355 in filles
4097 1218 6033 1440 Immerhin, ehe er we g ging, hatte er sich
829 1296 2745 1419 sprochen hätte? Der Herzog hättte/ den
4091 1352 6106 1583 hoch und teuer verschworen, dass er den
838 1413 2885 1606 Spruch als null und nichtig erklärt, die
5881 1492 6237 1644 s immer
4091 1504 5709 1697 Tobias Klenk freisprechen werde
844 1606 2932 1737 Angelegenheit vor Einen anderen Richter,
6033 1656 6205 1781 nes
4103 1664 5785 1880 er xxx verbrochen). (Agnes konnt
850 1752 2900 1907 wahrscheinlich vor dem der Residenz ver
6021 1790 6269 1913 inem
4202 1813 5714 2062 wegs bei ihm Ehrfurcht vor in
6039 1886 6430 1991 it is c
850 1851 2938 2062 wiesen, wenn er nicht aus eigener Macht -
4106 1939 5609 2199 Fürsten der Welt vermuten A
861 2018 2900 2193 vollkommenheit eine Strafe verhängt hät
2111 2146 2386 2225 pailer
4117 2126 5265 2304 denn nicht in den letzt
861 2172 2964 2374 te, die in jedem Falle schlimmer ausgefal-
4120 2313 5279 2485 geworden vor seiner a
861 2307 2862 2508 len wäre, als die, die Adalbert Wogelein
4126 2441 5285 2631 nung und hatte die ihren
847 2459 2993 2675 über ihn ausgesprochen (a wahrscheinlich,
4143 2625 5288 2818 Verkehr mit Tobias Kle
841 2613 2964 2809 hatte er ihm dem Tobias durch seinen ge
4146 2745 5408 2958 wenn er sich aufs Grisse
856 2786 2891 2978 rechten Spruch vor einer viel härteren
1743 2911 1913 3008 Av.
4149 2897 5420 3113 schon alle Gefahr für ih
619 2911 2970 3162 24 Strafe gerettet. Er näherte sich seinem
4164 3069 5422 3265 chen Bemerkungen Tobias
870 3101 2876 3285 Hause, das als eines der letzten an der
4149 3218 5712 3434 der Herzog entnehmen musste,
882 3250 3043 3440 Landstrasse stand,die über das Schloss Ka-
5779 3343 6077 3524 mit :
4161 3376 5615 3586 Richter,an einem Wirtshaust:
870 3434 2981 3600 rolslust nach der Residenz führte.Es war
5817 3492 6079 3656 gte,w.
4173 3513 5747 3743 einem Gesellen zu trinken pfl
885 3595 2891 3755 etwas früher, als er sonst vom Gerichte
4187 3656 6036 3922 er ihnen auch gut erwidert, sie muss
876 3703 2940 3927 heimzukom en pflegte, ein schöner Maien
2517 3808 2938 3916 Er fragte
888 3851 2967 4062 nachmittag um die fünfte Stunde. Ob seine
