6616 4184
901 429 3012 676 und Wein zu bringen pflegten,daran mitzu-
920 600 2989 851 naschen und mitzutrinken xxxx der jünge
901 798 3022 986 re Bruder, wenn auch unter allerlei bitte-
907 976 2982 1085 ren und höhnischen peden, keineswegs ver¬
914 1118 2880 1306 schmähte. Als der Herzog das reitliche
158 1023 821 1313 The Etude etc,
254 1234 815 1392 in den plokert
901 1211 2926 1448 segnete, hatten sie längst schon aufge-
185 1326 779 1488 He sie de
907 1418 2999 1613 hört Cartenmägdlein zu sein. Noch wie lan¬
221 1451 835 1636 Sluys irme in
208 1593 736 1705 auch wie
907 1610 2975 1752 ge das her war, wusste man nicht genau, da
1910 1676 2969 1771 noch sonst einen heu-les
1385 1659 1649 1775 wide
195 1679 835 1844 a ch fystoloss
907 1745 2916 1867 sie sich nie von der Mutter verabschie-
1963 1808 2923 1930 etler qu'on fit vite
218 1771 637 1946 leichtet –
907 1821 3032 2075 det hatten ###rst drei Jahre nach ihrem
267 1920 719 2016 ohne rich
1639 1966 1926 2075 tract
261 1996 683 2121 in a bed
901 2025 2867 2217 Verschwinden ein unbekannter Reisender
280 2088 686 2210 hier mit
274 2177 762 2385 2 rechter
953 2197 2969 2336 der alten Frau frü Grüsse der Töchter -
1950 2276 2583 2392 à unes ou les
887 2336 3035 2500 aus Rom,wo sie in zweifelhaften,aber
1260 2438 1448 2537 H
429 2448 3081 2698 qui tule gesicherten verhältnissen leben mochten,
996 2590 1211 2688 un-
947 2652 2959 2778 und ein ansehnliches Geldgeschenk über-
947 2778 2975 2949 brachte. Solches wiederholte sich noch
907 2949 3025 3091 einige Male, nur dass die Grüsse und Gaben
943 3051 2936 3229 stets von einem andern Reisenden über-
1544 3187 3074 3299 (diese küstinge ein Ende nehmen)
894 3266 2936 3381 bracht wurden, bis auch das aufhärte und
1062 3342 1788 3444 Krillegeschwester
943 3371 3012 3573 die Beiden endgültig verschollen blieben.
1039 3500 1415 3592 &c Nach
901 3589 2982 3754 Tobias aber,minder willkommen,erschien
3945 584 6043 802 immer wieder im Heimatsort, ohne dass man
5301 689 6027 831 Eugnade kane,
3978 785 5931 953 recht gewusst hätte woher, wie auch er
3932 904 5934 1108 selbst sich über seine Lebensumstände
5265 1009 5453 1112 nto
4344 1013 4869 1112 oberihn
3978 1065 5977 1267 nur im Allgemeinen und manchmal in ge-
4044 1158 4803 1270 nühlen.
3922 1214 6066 1412 heimnismellen Andeutungen zu äusern lieb-
3945 1382 5954 1547 te. Jedesfalls war er weit in der Welt
3922 1537 6113 1725 herumgekommen,hatte,trotz mangelhafter Vor
3945 1692 6096 1877 bildung,an verschiedenen deutschen Univer-
3968 1814 6294 2045 sitäten studiert und randaliert, hatta,
3975 1973 6324 2141 iniemand wusste unter welchem Herrn, im
3546 2025 4394 2276 auf welchen Feld
3939 2180 6119 2332 gendwo als Soldat gefochten,war mit einem
3939 2332 5997 2510 jungen Baron in Spanien und England als
3922 2448 6063 2642 Reisebegleiter oder Hofmeister unhergezo-
4302 2550 4516 2655 und
5014 2560 5403 2669 not
3975 2629 5941 2801 gen, war in allerlei minder ehrenvolle
3922 2774 6086 2956 Händel verwickelt gewesen, wobei er öfters
3922 2893 5934 3091 mit der Polizei und den Gerichten, wohl
3926 3071 6073 3269 auch mit den gefängnissen nähere Bekannt-
3916 3183 5931 3427 schaft gema eht haben mochte (Blieb all
3916 3371 6089 3576 dies mehr oder weniger im Dunkel, so konn
3916 3523 6007 3728 te darüber kein Zweifel walten, dass er
3906 3645 5835 3883 Wach einer kurzen Blüteseit von etna
