3496 4328
2563 416 2744 592 151
900 670 2803 903 Brüderschaft existiert weiss ich und
866 786 2785 1019 ebenso, dass der Tobias ihr angehört
869 985 2731 1177 und dass ich mich zum Mitschuldigen
874 1130 2822 1311 machte, wenn ich es in Kenntnis dieser
879 1303 2723 1472 Umstände wortlos mitansähe,dass Ihr
892 1435 2798 1591 solch einen wenschen in Euerer unmit
903 1554 2878 1761 telbaren Nähe weilen lässt. Denn selbst
903 1738 2801 1906 wenn er jetzt durch Eure Durchlaucht
892 1883 2977 2085 Güte im lühersten aufgewühlt wie ich
913 2056 2912 2253 es ist nun einmal jeder geschaffen wie
921 2191 2977 2379 er ist - und ebenso wie ich,so sehr mei¬
926 2346 2951 2529 ne Sinne verwirrt waren,in jedem Augen
944 2532 2767 2679 blick trotz alles törichten Redens
980 2664 2770 2855 meines Herrn getreuer Diener blieb
1001 2827 2886 2990 und bleibe, so gewiss ist es, dass der
1003 2953 2850 3179 Tobias Klenk, mag er nun auch die be
959 3088 2798 3323 sten Vorsätze hegen, im Grunde seine
949 3297 2912 3489 Seele ein Aufrührer und Tyrannenfeind
959 3440 3026 3672 verbleiben wird, vor dem herzogliche Gna¬
957 3610 2439 3854 den auf der Hut sein sollen.
1391 3727 3026 3944 „Steht auf“,befahl der Herzogin
3080 3877 3297 3975 avouement
