3496 4328
256 469 637 684 25/3.23
2580 532 2766 669 139
1008 652 2966 869 raten mit Gleichgesinnten,was zu tun,
1069 850 2676 1050 um das Unrecht aus der Welt zu
1030 1020 2915 1196 schaffen und die Tyranne zu stürzen.
1406 1147 2925 1318 Tobias Klenk legte die vande
1623 1291 1831 1389 ad
1040 1321 2888 1492 schwer auf seine Schultern. „Hast du
1038 1465 2986 1665 auch wohl überlegt, was du sagst.Cehrt
1040 1601 2893 1787 du hout mit mir davon, so wisse, dass
1050 1775 2878 1951 es keinen We für dich zurück gibt.
1042 1955 2751 2107 Wer sich unserer geheimen Brüder
1367 2048 2434 2158 (en voor früher die Reue sein aufs
1057 2092 2910 2248 schaft verschreibt, der ist ihr auch
1067 2251 2910 2412 verfallen mit Leib und Seele. Reuts
1072 2395 2925 2585 dich einmal, sei es nun morgen schon
1081 2568 3027 2727 oder in Tagen und Wochen,so ist es zu
1118 2700 2966 2871 spät.Der uns verrät, ja, der auch nur
1084 2866 2886 3059 von uns abfällt, ist der Rache uner
1081 3010 2925 3208 bittlich ausgeliefert, so gewiss als
1079 3154 2942 3354 hätte eine heilige Fehme das Urtell
1096 3296 3059 3506 über ihn gesprochen. Ein anders ist es,
1130 3481 2983 3694 im Wirtshaus verwegen daherzureden,
1103 3623 2998 3874 ein anderes sogar,einen verl,dem der
