6584 4200
923 610 2976 829 Es kam wohl vor, dass der eine oder andere
1766 763 2664 878 auptleiten wie auch
957 815 2990 982 Tischgenosse ihn mit eher scherzhaftun
891 989 2980 1148 klingenden als ernsthaften Worten zu be-
954 1113 2886 1322 schwichtigen suchte, dafür aber gab es
954 1238 2796 1446 einen, der in jedempall seine Partei
954 1443 3032 1616 nahm, ihn wohl auch in seinen aufrühreri-
947 1592 3059 1731 schen peden mit philosophischen und histo
1793 1693 2935 1786 psch curpt i tiderit hilé
954 1755 2973 1939 rischen Gründen/ zu unterstützen suchte,
954 1915 2987 2057 und sich in der Hitze der Rede zuweilen
954 2022 2938 2234 zu noch schlimmeren und gefährlicheren
888 2171 3028 2393 Aeusserungen, ja bis zu Prophezeiungen und
957 2359 3046 2525 prohungen verstieg, wie man sie nicht ein
940 2501 3021 2619 mal von Tobias Kleuk, jemals zu hören be-
1682 2584 3150 2688 wiederlicher Weise der Richter in (
937 2671 3077 2841 kam. Und dieser eine war Adalbort Wegelein,
1287 2761 1984 2844 who is well hohere Beaux
944 2768 3014 2962 Richter in Karolsmarkt, ein Altersgenosse
2223 2917 2501 3014 Sinter
881 2955 2126 3098 des Tobias, früker einen
2116 2942 3052 3125 auch sein Schul¬
1419 3056 2130 3174 und rund die so
2112 3059 2338 3146 was
937 3115 2921 3320 kamerad, in jener fernen zeit,da beider
881 3261 3032 3469 Eltern in den gleichen,bescheidenen.doch
930 3410 2945 3625 auskömmlichen verhältnissen gelebt hat.
1100 3524 1786 3608 in Schulkove at
898 3590 2914 3725 ten bis durch den allzu frühen Tod des
874 3718 2962 3909 Schlossermeisters, der die Seinen vermö-
3840 447 6167 715 Und dieser eine war wunderlicher Weise
3368 645 6157 832 auch der Pichter in Karolsmarkt, Adalbert Wogelein,
5078 791 5484 891 eurdiger
3875 784 6015 961 ein Altersgenosse und früher Schulkamerad
3830 950 6081 1110 und Freund des Tobias. Beider Eltern hatten
3816 1120 6060 1301 in den gleichen bescheidenen, doch auskömm-
3823 1256 5973 1429 lichen Verhältnissen gelebt,bis durch den
3871 1401 5977 1585 frühen Fod des Schlossermeisters, der die
3864 1568 5997 1731 Seinen vermögenslos zurückliess, sich zwi-
3823 1714 5821 1901 schen den beiden Familien eine tiefere
5266 1859 5838 1960 Went in
4891 1866 5085 1960 The
3864 1880 6025 2050 Kluft aufgetan, was aber in der Beziehung
4832 2022 5640 2126 nicht ein halb
3864 2029 6213 2210 der beiden vnaben wiehts xxx änderussie
3531 1988 3798 2241 pul
3649 2185 5918 2362 vielmehr in eigentümlicher weise fester
5200 2324 5845 2435 me ohnul
3823 2331 5970 2508 zu knüpfei schien Ja, es durfte sonderbar
5446 2480 5654 2591 mark
3895 2494 5880 2733 erscheinen,wie nun Adalbert, in muster
3830 2633 5925 2820 haften, sanfter und fleissiger Schüler, zu
3816 2879 5911 3080 dem ungebärdigen und unverlässlichen To¬
3816 3039 6084 3271 bias allmählig in ein Verhältnis von Abhän-
5456 3191 5772 3271 genett
4485 3170 5217 3274 "    "   [S]  Bohne stukenl
3871 3226 6077 3368 gigkeit ja Hochnäsigheit zu geraten schien
3871 3396 6001 3559 und sich von ihm nicht nur allerlei kind
3760 3545 5897 3725 lich-harmlosen spass, sondern auch gele-
3823 3680 5900 3875 gentliche Bosheit und Tyrannei mit Lang
