6696 4328
880 402 2223 649 soo ist at X Huygens nicht.
2587 465 2756 649 57
889 658 2894 894 „Tobias Klenk“,sagte Adalbert Wogelein,
883 851 2813 1049 mit einem ganz leisen Zittern in der
899 1019 2908 1217 Stimme, ob Ihr schuldig oder unschuldig
889 1160 2916 1364 seid wird sich ohne Zweifel binnen kur-
919 1304 2859 1503 zem herausstellen.) Jedenfalls aber er¬
913 1451 2862 1688 wahne ich Euch der Würde dieses Ortes
913 1636 2810 1848 eingedenk zu sein, der heute überdies
932 1783 2834 1976 durch die Anwesenheit unserseudurch
946 1919 2919 2103 lauchtigsten Herzog ausgezeichnet ist.
2397 2035 2650 2120 to the
1016 2044 2166 2163 Hieshalled with say with
938 2098 2832 2275 Oh,warum hah ich das gesagt, sagte er
2481 2120 3109 2264 milde che fut
948 2256 2848 2451 sofort. Und schon vernahm er die Stim
943 2348 3016 2573 me des Herzogs (der milde bemerkte:) Lasst
948 2535 2965 2745 das Herr Richter. Meine Anwesenheit tut
943 2688 2951 2881 nichts zur Sache. Und mit einer leich
962 2840 2973 3052 ten Handbewegung wehrte er zugleich die
962 3000 2957 3209 kurze beinahe höhnische Verbeugung ab,
948 3160 2962 3351 zu der sich Tobias Klenk nun erst ver-
1169 3291 1582 3397 beginnen
967 3266 3150 3508 anlasst fühlte, als hätte er jetzt den
1193 3438 1859 3563 (Awocnihi)
962 3495 2041 3666 Herzog erst bemerkt.
1332 3552 2783 3813 Der Richter aber fuhr fort.
970 3758 2951 4087 „Nach Verlesung der Anklage wird sich
2397 4065 2804 4166 o0-000 u
4313 590 6106 810 sofort erweisen, ob die persönliche
4302 785 6161 978 Eibvernahme von/Klägern oder Zeugen
5536 870 5761 967 ber R
4288 948 6171 1128 überhaupt notwendig ist. Er wies den
4296 1087 6223 1275 Schreiber durch einen Blick an zu
4288 1201 6315 1446 lesen,worauf dieser wie folgt begann:
4666 1386 6307 1573 „Am heutigen Nachmittag um vier
4296 1582 6267 1731 Uhr bei einem Pundgang durch das her-
4302 1679 6196 1891 zogliche Revier, nahe dem Parkgitter,
4837 1804 5908 1902 der hier unterstor, besser
4283 1842 6052 2019 betraf ich Oberjägermeister Franz
4302 2022 6253 2188 Sever von Wolfenstein,einen hier ge-
4307 2147 6296 2296 bürtigen. aber meist von hier abwesen-
4593 2269 5299 2362 Albelei et
5555 2264 5799 2356 mackt
4313 2342 6459 2525 den Einwohner von Karolslust Tobias Pleuk
4302 2478 6207 2669 mit einer Jagdflinte. Obzwar ich nach
4302 2625 6302 2823 den bestehenden Gesetzen berechtigt, je
4302 2769 6332 2938 gewissermassen verpflichtet gewesen wä-
4307 2883 6264 3131 re dem Mann die "Flinte abzunehmen und
4313 3112 6201 3285 in Arrest führen zu lassen, liess ich
4938 3193 5247 3288 Mihie
4272 3275 6093 3429 mir an der Aufforderung genügen, er
4837 3345 5269 3449 ininnst
4150 3397 6261 3579 das er offen und auf der Früh, gibt an Rovior ent-
4313 3408 5465 3546 möge sich eilends aus
4296 3576 6258 3753 fernen. Erst als er meine Aufforderung
4658 3660 4962 3756 voir du
4302 3696 6411 3913 mit höhnischen Worten erwiderte, pfiff
