3432 4344
2514 418 2699 608 111
906 603 2849 847 schwer zu beschwichtigen sein werden,
909 777 2956 994 als Euch in diesem Augenblick vorkommt.
927 951 2870 1142 Ihr werdet Euch selbst entscheiden, ob
943 1118 2927 1313 Ihr in Carolslust unter dem Schutz der
946 1270 3093 1461 Frau Oberjägermeisterin Aufenthalt nehmen
941 1394 2953 1616 wollt oder Ihr nicht doch vorzieht wie
957 1568 3018 1796 der in dieses Haus (zu-Eueren-Gatten zu
951 1721 3012 1916 rückzukehren,) und nicht etwa zu tun, was
951 1897 2407 2077 Euch später gereuen könnte.
1386 2056 3042 2206 „Mich wird von heut ab“,erwider
978 2155 2935 2404 te Agnes, „nichts mehr gereuen, was ich
986 2364 2969 2530 tun werde,mag s denn nun eine Spazier-
989 2468 3036 2675 fahrt sein durchlauchtigster Fürst Euch
710 2404 833 2688 P.
1195 2597 2996 2758 oder ich in die Welt.  Reise ihn hier
992 2693 2913 2838 unterwerf ich mich mit Seel und Leib,
994 2814 3149 3018 so wahr ich Agnes und nimmermehr Wogelein
994 2975 2967 3195 heisse.) Sie griff nach einem Mäntel
1016 3120 3149 3315 chen, das über einer Stuhllehne hing: „Hier
1053 3259 2956 3449 bin ich“, sagte sie und als üäre sie
1072 3406 2945 3637 dergleichen Sitte von jeher gewöhnt,
1029 3597 2873 3795 reichte sie dem Herzog die Hand, der
1093 3739 3031 3982 diese ergriff und Agnes wie eine Dame
