6552 4184
880 433 1228 655 Geschld
980 521 1547 693 weder ebenwär¬
854 620 2893 816 mut, ja fast mit Lust gefallen liess. Ge-
2328 752 2729 860 vouvelle
813 825 2893 992 schah es einmal, dass Adalbert sich aufzu
793 886 948 965 sait
2401 904 2694 992 eliva.
848 954 2864 1150 lehnen suchte, indem er sich zumpeispiel
1989 1041 2881 1167 de toutes cem Reuby
796 1135 2966 1293 weigerte, dem Andern bei einer Schulaufgabe
807 1261 2811 1436 bohilflich zu sein, oder sich an irgend
801 1419 2893 1609 einem schlimmen Streich zu beteiligen, so
878 1501 1293 1612 sation.
801 1580 2922 1764 wusste Tobias ihn schon dadurch zu bestra
1559 1664 1945 1775 sola's
784 1726 2881 1907 fen, dass er es/vermied das Wort anihn zu
1351 1805 1775 1925 auch nur
801 1890 3024 2059 richten oder seine Anrede zu hören, bis Adal-
2229 1963 2498 2065 Totia
2700 1986 3048 2083 in aller
796 2042 3007 2226 bert nachgab, oder gar den Kameraden demütig
544 2103 942 2243 s-elerin
790 2176 2887 2346 um Verzeihung bat.Einmal, kurz nach dem To-
796 2331 2951 2521 de des Schlossermeisters,in der Pause zwi-
790 2501 2989 2676 schen zwei Schulstunden, liess sich Adalbert
1506 2583 1863 2676 ver wt.
790 2600 2940 2785 einfallen dem Kameraden, der gewissermassen
784 2814 2887 2948 von einem Tag zum andern ein armer Junge
796 2896 948 2978 nem
772 2884 2852 3136 geworden war, ein paar Silbergreschen zum
831 3092 2948 3264 Ankauf von Prot und Wurst anzubieten, doch
758 3235 2899 3375 statt des Dankes ward ihm nichts anderes,
769 3381 2928 3536 zur Erwiderung als eine kräftige Ohrfeige.
778 3513 3060 3724 Eine Viertelstunde darauf aber in unwirschem
848 3671 1424 3820 im iennen
3785 538 5961 766 befehlendem Ton forderte Tobias von Adal-
3428 755 3595 831 F.
3797 775 6075 916 bort alles Essbare, was dieser bei sich trug,
3808 904 6093 1085 wie eine ihm gebührende Abgabe ein und xxxx
3800 1035 6031 1234 während er sich 7-s gut schmeckenliess, ver-
4589 1185 4861 1284 ander
3779 1228 5961 1351 höhnte er den Kamaraden, der mit hungerigen
4197 1334 4592 1433 débrite
3838 1386 5990 1521 Magen zusehen musste.Ein ander Mal wieder
3843 1536 5985 1667 hatte Adalbort auf einem paziergang nahe
3797 1696 5917 1863 der Stadt die Schwesterndes mobias zufäl¬
3788 1828 5900 1998 lig getroffen, als-, ob ob obenso zufällig war
3797 2004 6049 2185 schwer zu entscheiden — Tobias ihnen entgeg
3788 2173 5985 2284 genkam und ohne jeden Anlass erklärte, dass
3779 2299 5949 2445 Adalbert sich gegen die beidenMädchen, die
5046 2416 5312 2510 rahtli
3791 2480 5865 2621 damals fünfzehn Jahre alt waren,Zudring
3820 2559 6040 2747 lichkeiten erlaubt, ihn unter Schimpfworten
5449 2732 5894 2828 schleuviging
3794 2788 6046 2916 und Drohungen aufforderte sich unverzüglich
3797 2864 4314 2966 serteinacht
3779 2934 5932 3112 davonzutrollen und ihm verbot jemals wie-
3785 3080 5990 3250 der auch nur ein Wort an die Schwestern zu
3583 3174 5935 3443 richten E Wenige Tage später lief Adalbert
3785 3349 5847 3516 den Geschwistern abends an irgend einer
4566 3487 5107 3607 novemb
3779 3530 5932 3724 trassenecke geraden in die Arme, machte
3694 3677 6040 3911 sofort Anstalt in weitem Bogen auszuweichen
4952 3873 5382 3969 D. 11 1 1 20
