6744 4488
2145 695 2354 849 av
1439 664 1690 870 laf
886 789 2754 1006 Agnes war es, die zuerst zum Fenster
891 922 2963 1160 lief, Sie beugte den Kopf hinaus wandte
904 1087 2960 1317 sich zurück zu Adalbert. „Ein Wagen ist
1583 1241 1844 1345 Sieid
2586 1251 3156 1408 t2d inblecet i
922 1254 2602 1510 gestürzt.“ Eben lief die Dienstm
862 1301 1076 1403 noges
1991 1358 2597 1463 The d heeres of
925 1424 2861 1641 draussen am Fenster vorbei. Adalbert
938 1552 3012 1763 trat zu Agnes hin. Etwa fünfzig Schritte
2218 1643 2986 1774 dans défehri; -:
946 1750 2942 1915 weit vom Haus lag der (gestürzte) Wagen.
1181 1886 1588 1988 Nopuon
948 1860 3017 2108 Der Kutscher hatte sich eben vom Boden
964 2006 2863 2252 erhoben,offenbar unverletzt,da er au
2848 1988 3046 2168 il.
2093 2111 2858 2221 seillid in der Lau
1646 2174 1878 2281 wirkt
972 2166 3054 2409 die Wiese gefallen war, die neben der xxx
990 2304 3059 2552 Landstrasse lag. Ein Lakai,etäs hinkend,
982 2453 3038 2733 trat zum Wagen hin, aus dem mit allerlei
1003 2644 3057 2884 Körperverschränkungen eine männliche Ge-
998 2808 3093 3038 stalt hervortauchte und mit einem Sprung
1016 2889 3114 3159 über das liegende Gefährte auf die Land-
2850 3004 3169 3145 Retorte
1008 3104 3023 3339 strasse setzte. Es war der Herzog. Man
1019 3226 3046 3503 hörte seine Stimme, ohne seine Worte zu
1032 3407 2905 3673 verstehen. Er schien sich vor allem
1053 3556 3151 3765 überzeugen zu wollen, dass niemandem ein
1037 3671 3148 3966 Leides geschehen war, dann wandte er sich
1050 3840 3064 4138 wie zur Beruhigung an einige Leute, die
1061 4055 3156 4253 herbeigeeilt waren, erteilte dem Lakaien
4548 611 4836 779 Wifr
4146 690 6150 938 einen Auftrag; der Kutscher war mit den
4151 854 6095 1082 Pferden beschäftigt und versuchte si¬
4180 982 6017 1215 zu beruhigen? Dann sah der Herzog um
3877 1084 4034 1233 &a
4185 1147 6173 1374 sich, als wollte er sich klar werden, wo
3626 1116 3830 1257 Ette
3642 1233 3880 1387 Rev
4193 1272 6124 1544 er sich befand, Sein Blick fiel sofort
4211 1377 6294 1667 auf das alleinstehende Haus des Richters,
4588 1562 5316 1693 vrai vierenxleit. if
4201 1588 6090 1839 doch bemerkte er von seinem Standort
4209 1737 6168 1980 aus nicht die beiden Gestalten am Fen
4219 1915 6155 2137 stor. Jedesfalls schritt er dem Hause
4465 1897 4917 2033 bemeckt et
4219 2069 5912 2255 zu, die Dienstmagd lief ihm vorau
4261 2231 5902 2451 tenpforte und Haustor waren offe
4245 2359 6246 2597 blieben.Adalbert und Agnes sahen einan
6085 2451 6275 2526 war
6064 2508 6307 2623 aber
4264 2534 5990 2733 der an,mit leeren Blicken,Adalber
5700 2605 5904 2738 glied
6037 2667 6252 2759 o I
4052 2712 5891 2918 de gewann zuorst seine Fassung, sa-
4277 2845 5993 3051 dem Herzog in den Vorraum entgege¬
5053 2939 5719 3059 der Cuchelving
4284 2955 6325 3224 ging und ihm, der eben eintrat,mit einem
4308 3130 6218 3360 tiefen Bückling empfangen konnte. Der
6019 3276 6184 3378 fort
4300 3313 5946 3532 Herzog erkannte ihn natürlich s
6056 3302 6489 3443 as refft
4334 3433 6351 3671 „Ihr mein worter Herr Amtsrichter, wollt
4326 3590 6327 3819 Ihr mir Obdach gewähren bis der kleine
4332 3725 6367 4008 Schaden an meinem Wagen repariert ist?“
