3256 4184
2406 590 2592 763 146
745 718 2680 867 Er hatte schlimmere Angst vor mir, als
818 899 2592 1021 vom Euerer herzoglichen Gnaden und
771 1032 2644 1199 dies mit Recht, denn es wäre wohl mög
771 1183 2767 1325 lich gewesen, dass ihm die strenge Stra
763 1351 2490 1510 fe, die er über mich verhängt, übel
784 1466 2882 1654 geraten konnte und die Rache wäre schlim¬
776 1667 2704 1842 mer gewesen,alls jede Strafe,die Euere
779 1800 2767 1946 Durchlaucht über ihn verhängen würde."
1197 1946 2816 2100 dalbert liess die Hände ainken
786 2087 2772 2278 und das Haupt wie ein Verurteilter.Ein
784 2268 2730 2427 chlag nach dem andern sauste auf ihn
2176 2356 2398 2451 all
839 2424 2712 2545 nieder.Dass der Herzog nun die ganze
1787 2503 2636 2636 ment.    Jwey
784 2607 2704 2720 Sache durchschaute, war klar.Er musste
802 2714 2714 2908 verstehen, dass sich Adalbert zu allem
794 2837 2837 3010 übrigen auch vor Tobias noch gerühmt (zu
833 2983 2754 3203 mindesten nichts dagegen vorgebracht,
794 3172 2675 3318 den Tobias auf dem Gefängnis heraus
810 3297 2675 3498 gelassen zu haben. Er wagte es nicht
794 3485 2832 3665 dem Herzog ins Antlitz zu sehen,erhielt
794 3652 2733 3825 den Atem an, als jener wieder zu reden
794 3780 2571 4039 bekann.Nun Adalbert Wogelein,was
