6616 4184
876 453 2851 695 war er nicht genötigt gewesen,das Volk
873 668 2858 850 mit Steuern und Abgaben über Gebühr zu
870 824 2917 992 belasten und hatte sich, insbesondere in
870 969 2950 1201 den letzten Jahren an der Jagd und an der
820 1121 2772 1369 Gesellschaft seiner Gartenmägdlein so
880 1270 2964 1445 völlig genügen lassen, dass darüber sein
1065 1412 1680 1515 notile, &c
810 1416 2940 1624 militärischer Ehrgeiz und
860 1621 2947 1793 Soldatensplelerei allmählich geschwunden
857 1730 2947 1938 war. Obwohl sich's daher in dem kleinen
870 1905 2861 2123 Lande, das sich von einem rüstigen Fuss-
863 2041 2861 2223 gänger in sieben Tagen umwandern liess,
2497 2190 2950 2309 lebenlich
860 2190 2934 2385 behaglicher und ungefährlicher leäte als
853 2375 2868 2567 in manchen andern deutschen vürstentum,
853 2524 2772 2663 fehlte es auch hier nicht gänzlich an
2279 2633 2967 2785 deren mainte
804 2659 2904 2878 Unzufriedenen und Nörglern, die sich hier
625 2851 2904 3010 ###kuweilen keeker äusserten als ihre Gesin-
966 2937 1568 3053 Gleitpriewitz
804 2987 2884 3159 nungsgesesen in anderen Ländern,wo eine
853 3099 2950 3347 allzu freie oder gar aufrührerisehe Rede
893 3268 2927 3489 nicht nur dem Sprecher, sondern auch dem
794 3410 2596 3612 Zühörer übel hätte geraten können.
1571 3559 1753 3698 G.H.F
2269 3681 2477 3903 les
4296 483 6178 747 AlsDer verwegenste Schwätzer in Sig
4101 708 4373 810 ."...
4068 764 6086 893 maringen, ja überhaupt als ein bedenkli-
4065 876 6006 1065 cher Geselle,galt ein sicherer Tobias
4052 1012 6168 1267 Klenk gebürtig aus dem Städtehen Karols-
3992 1177 6145 1409 markt der immer wieder, auch wenn man ihn
4005 1316 5911 1502 schon für immer losgeworden zu sein
4971 1465 6043 1561 Gehnstück der Recolivant.
4005 1482 6006 1644 glaubte,in seiner Heimat auftauchte,wo
5782 1627 6208 1730 admonner
4065 1637 6089 1869 seine alte Mutter, die Witwe eines braven
4194 1773 4508 1875 F.Tr
3635 1809 6182 1961 Tilman nachwerkers, zurückgezogen und in dürftigen
4005 1951 6013 2137 Umständen lebte, Ihre beiden zwillings-
4065 2097 6096 2295 töchter,Brigitte und Maria,hatten sehon
5203 2246 5613 2348 Nennr
4038 2295 6102 2474 als sechzehnjährige nicht ganz ohne Zu -
4045 2401 6390 2620 stimmung, ja, wie dte man behauptete, nicht the leven
4124 2557 4468 2653 durch
4038 2553 6175 2805 ohne dahinzielende Bemühungen der Mutter,
4005 2706 6013 2954 vor nunmehr als fünfzehn Jahren in dem
3999 2921 6049 3053 Jagdschlössehen Quartier gefunden,wo es
5090 3016 5467 3119 usn
3999 3013 6036 3261 ihnen nicht übel zu ergehen schien, umso
5520 3126 6235 3288 Nachbarschaft
3992 3238 6155 3364 weniger, als sie beide, durch die nachbarli-
3367 3222 3943 3420 des militaires.
3407 3367 6066 3503 ehen Umstände begünstigt, öfters aufhal-
3992 3506 6039 3728 be oder ganze Tage zu entweichen und in
4022 3681 5996 3896 das ämliche Haus der Mutter Baekwerk
