3304 4024
429 351 3132 662 Seleugstifs verpflichter, sich noch zu gleicher
537 615 2811 865 tag sich über die wieder wie sie es und
517 780 2818 1047 gefallen lieber, mit den glücken Tag
510 976 3139 1226 nul inbeu selut, ob nie niee Tutte de la de
493 1135 3098 1358 Wir imgestalt sonder zuarten zu Haust, im
507 1348 3142 1578 I heer Jellert übe der sategelegene Freude geburte
564 1524 3135 1777 zu wenden. Da der Herzog geräne Berlin in
578 1669 3010 1946 gehoffen, dass in Telle eines Heu seiten
1078 1825 1852 1950 sich in jedem Telt
635 1862 3061 2081 si'l du fortu de Schlosses. J-ulcui un
2210 2010 2940 2139 reux mais je les
649 2044 3071 2318 verpflid m'offace, ind dine
696 2206 2798 2548 zu nächtliche Stände, mit Geldynke
686 2423 2784 2713 wohl versehen zu entloren und über
672 2693 3092 2956 die Grage zu bringen seien, und Reinen¬
409 2848 3129 3142 rode Vervaltu, Jarei wie Ficher de Gedank
710 3078 3166 3271 Rom, der Befehlen des Parvenhaften oft¬
716 3264 2980 3511 jertreugte Herr wieder zu dahin, als
737 3426 2956 3669 n'ai être ait une über de Ter tirain
767 3636 2220 3869 Macht, u. Hof- u. Rode
2423 3673 2717 3865 a pl
