6680 4376
5946 398 6157 572 136
4149 500 6083 786 oder sie ihm hinterrücks, einen Dolch-
170 592 487 831 22/3.23.
2607 643 2805 793 135
4149 722 5912 950 stoss versetzt hat ( oder wenn sie
885 793 3046 1018 Fürsten zu Fürsten, von Gericht zu Gericht
4153 871 6157 1144 nicht ihre Ehre zu verteidigen gewasst
888 950 2927 1150 geheimnisvolle Fäden und Seine Gnaden,
4166 1001 6093 1239 hat) sich mit ihr vergnügt,wie es Ty-
899 1123 2968 1348 der Herzog,jawohl,Freund Tobias, dersel-
4166 1130 6202 1440 rannen zu tun pflegen,wenn sie sich laus
912 1256 3023 1481 be, der vor kaum einer Stunde hir an der-
4183 1324 6106 1545 einem guten Bürgerhause eine Tochter
912 1413 2975 1654 selben Stelle sass, wie du jetzt und aus
4190 1443 6259 1678 oder eine Ehefrau in ihr Bett geschleppt
4864 1630 5463 1743 ni. Wandlle
919 1593 2934 1756 demselben Glase trank, aus dem du jetzt
4190 1630 6168 1858 haben, gerade so wie der eben verstorbe
963 1753 2975 1916 trinkst, dem ist es wohl bekannt,wessen
4207 1780 6178 1995 ne Herzog es mit deinen beiden Schwes¬
909 1930 2988 2097 man sich von dir und deinesgleichen zu
4210 1930 6127 2165 tern gemacht hat und wie wir es uns ohn
926 2042 2978 2246 gewärtigen hat und also - ‘Tobias erhob
4207 2090 6103 2355 mächtig seit hundert Jahren gefallen
919 2233 2944 2413 sich, die Lehne des Stuhls in der einen
4224 2236 6072 2505 lassen müssen, wenn es uns nicht das
922 2359 2805 2580 Hand. Nun aber red einmal, toll oder
4231 2393 6232 2607 Leben oder die Freiheit kosten soll."
929 2515 3063 2737 nicht, was redst du da vom Herzog).An dem
4231 2526 6229 2760 Tobias Klenk sass mit offenem Mund und
2400 2614 2805 2726 Dr Her.
946 2699 3060 2863 Tisch hier und aus dem Glas? Was willst
4231 2679 6253 2958 mit aufgerissenen Augen da und es klang
1072 2774 2638 2903 Nie seit ist it weill de het Col
929 2852 2985 3040 du mit all dem?" „Nun,so will fon dir
4282 2863 6052 3097 wie Hohn und Zorn zugleich, als er
967 2968 3026 3189 sagen, dass der Herzog vor zwei Stunden
4248 3009 6229 3251 sagte: „Dein Weib mit dem Herzog davon-
1624 3118 1913 3217 Reyer
919 3142 3063 3346 enem als das Gewitter niederging,hier an
4244 3155 6208 3428 Adalbert erhält's du mich zum Narren, so
5514 3281 5926 3407 Dr
919 3261 3118 3482 meinem Hause vorfuhrt und eine Viertelstun-
4268 3339 6065 3526 ergeht's dir übel." „Willst du mir
211 3291 708 3536 & pult
919 3465 3128 3673 de darauf mit Agnes davonfuhr nach Carols¬
4272 3451 6239 3710 noch drohen.Mensch, dem ich all das Un-
334 3502 742 3676 frü.
286 3642 3019 3792 Meinigen lust und dass sie zu dieser Stunde, wenn
4251 3673 6123 3884 heil. verdanke, das über mich gkommen
283 3768 2958 4047 de K, nicht indess ein Wunder geschehen ist,
412 3976 1202 4176 &c. w du
