6584 4168
2617 376 2787 546 28
1007 529 2919 725 belanglesen Verfügungen der Regierung
1024 705 2492 810 20 Tolhüsselt in rechtschrift -
993 688 2926 898 und den richterlichen Entscheidungen,
1909 810 2597 949 ersichtet telle,
817 803 983 905 r
1231 854 1664 970 maaie de
1007 888 2783 1071 die er im Laufe des Tages gefällt,
1048 1010 1658 1119 w slln
1007 970 2966 1220 als erinnerte er sich selbst nicht im
1061 1122 2936 1349 Geringsten der vergangenen Nacht und
942 1285 2868 1400 nent der Heelsef selve ses kennis ou de vies tran¬
1010 1346 2848 1570 schien mit der Velt und sich selbst
1027 1498 2970 1729 so zufrieden, kehnte sich zum Beschluss
1475 1593 2210 1726 & not work
1037 1603 2909 1814 des Abendessens so behaglich in sei
1993 1729 2604 1841 gelebet sel
1044 1763 2898 1997 nen Sessel zurück, dass Agnes hoffte,
1044 1885 3020 2149 ihn durch einige schüchterne eheliche-
1037 2095 2844 2261 Zärtlichkeit ganz für sich und für
1051 2265 2963 2410 die Freuden des Daheimbleibens zu ge-
2559 2326 3037 2431 hobe in A.
953 2366 2353 2536 gevrouer to be pour plott
1041 2373 2878 2614 können. Desh mit einem verschlagenen
1061 2536 2868 2719 Lächeln, als habe er sie absichtlich
258 2549 939 2834 ploghit un
1064 2688 2905 2956 in Sicherheit gewiegt, er sich
254 2715 949 2946 avec vant le
2166 2804 2563 2909 tillam
1058 2824 3020 3088 plötslich und ohne Entschuldigung,bei-
1075 2983 2902 3210 nahe ohne Gruss ergriff er Mantel,
1071 3146 3136 3329 Hut und Stock und war mit einem Mal
1075 3265 2722 3549 verschwunden. an cler thure
692 3305 888 3604 to
1173 3451 1753 3715 verstorben.
6044 275 6329 525 it is
3546 319 6051 637 vor in würdige Amtskracht erboten konnte
3573 553 6034 848 Staat. Stuk u de Raad de Han ouluf.
3553 712 5970 1020 schier er ein jong andere ja uns als de
3627 892 6146 1176 geming Empire; dessen Rev. Schaber¬
3607 1098 6163 1322 and in de verfloum haut in the her
5051 1275 5882 1431 beurtigh in.
3607 1271 6034 1546 nemt to be.- So vert ja 1;
4000 1454 5204 1587 in Lauf de Fjus, né à
5302 1502 5539 1580 r
3610 1509 6261 1783 in laibile Beutigung dabei, in
3587 1681 6183 1956 as "Avalbert" and will not of
3770 1881 6058 2136 Ruchkehr in Gericht Amt, bei Tisch
5505 2034 5712 2170 21
3729 2109 6095 2383 gav ved een pite
3634 2329 6322 2553 wurd den ihm eigene Rechlagkeit in aller¬
3688 2481 6170 2787 Hedre Stes I glechgilt
3678 2651 6221 2970 hailt. Leur uns zu reine in Sous
3702 2919 6427 3268 de ty gefelll weises (gerechte uitbere)
3780 3156 6061 3475 Enlebend spiele, en uit volle
3878 3373 6177 3709 nent geendel beklzeit ganz betglich
5214 3563 5455 3719 at
3892 3651 6024 3878 de Nesde up de Hommé
