6712 4328
3513 417 4007 607 11/1.1923.
6072 389 6257 678 60
2784 590 2954 738 59
528 607 690 809 36
4327 672 6228 899 als der Schreiber geendet, lachte To-
826 670 3110 894 um Sekurs, worauf die in der Nähe befind -
4364 860 6245 1050 bias Klenk einmal kurz auf und üdal¬
973 899 2889 1098 lichen Jäger Kuno Waldhaber und Ki¬
4373 985 6248 1217 bert Wogelein ergriff das Wort: „Euer
987 1090 2974 1271 lian Gibiser herbeieilten, den besagten
4373 1132 5567 1368 Name ist Tobias Kleuk".
982 1189 2923 1365 Tobias Klank, der sich nicht gutwillig
4628 1288 6160 1538 „So wahr du Adalbert Wogelein
987 1356 2894 1532 fügte, die Flinte wegnahmen und da er
4370 1498 4787 1606 he isst.
987 1498 2911 1708 mit Händen und Füssen um sich schlug,
4585 1600 6180 1768 „Altor 33 Jahre, unverheiratet —
993 1660 2940 1813 sich überhaupt gebärdete wie ein Wü¬
4580 1771 5913 1975 „Und hoffe es zu bleiben.
999 1782 2991 1978 tender,ihm Handfesseln anlegten,worauf
4583 1947 5266 2074 „Euer Beruf?“
987 1955 2764 2145 ich ihn in den Arrest nach Karols-
5298 1964 5749 2137 whiftung
4591 2091 6163 2281 „Bist du der unsinnigen Fragen
987 2114 2945 2270 markt abführen liess, damit er vor dem
4381 2250 5828 2454 nicht endlieh müd,Adalbert?“
1002 2273 2982 2446 dortigen Gericht in aller Form rech -
4600 2420 6245 2545 „Meine Pflicht ist zu fragen, die
1016 2457 3005 2599 tens verhört und abgeurteilt werde, so¬
491 2460 834 2647 wesen der
4378 2579 5360 2684 eure zu antworten."
428 2622 698 2761 Kupfer.
1007 2557 3002 2764 wohl wegen Wilderns als wegen Bedrohung
423 2730 854 2849 et de ses
4591 2687 6277 2869 „So setze in die Rubrik :Was er
999 2769 2979 2917 und Versuchs schwerer körperlicher Be-
4384 2872 6248 3059 war, kümmert keinen, was er sein wird,
999 2886 2962 3107 schädigung (wenn nicht gar des Mordes,
4378 3025 6112 3169 weiss er selber nicht, was er ist,
982 3050 2900 3215 Diese schriftliche Angabe steht hier
4378 3172 6214 3362 sieht jeder und wer es nicht sieht,
970 3198 2917 3402 an Eidesstatt, auch erkläre ich mich
4384 3320 6291 3521 dem ist durch worte nicht zu helfen.
1004 3326 2934 3524 jederzeit bereit sie mündlich zu wie-
4682 3445 6339 3683 "Euer Witz ist etwas zeitraubend",
993 3496 2937 3728 derholen und halte mich zur Verfügung
4384 3587 6328 3850 bemerkte Adalbert Wogelein.Und da,er,
1004 3689 1790 3848 des Gerichtes.
4375 3777 6069 3955 zum Herzog schielend, zu bemerken
