6728 4312
1405 355 3051 568 be will be
393 455 3106 720 er gehabt (sich über ein unverzubült)
406 641 3096 899 fast befangen Weise u. Schwer; sehr
1811 785 3048 995 du tems ser si le
448 885 3061 1112 int will  a  de joute
430 1050 2927 1291 der verzeyn Nächl... in
448 1226 3130 1495 hippen in Vaque huye; - und ganz
434 1450 3117 1705 besleit x un étober, daß at er rechs
1495 1577 2975 1722 1) die Sappe und gleich¬
434 1632 3013 1884 welke et een gerecht nicht
2228 1770 2755 1908 me elle
468 1822 2931 2087 Stal, de p de Herz...
486 2032 3103 2314 Pruser in tritterly valib con
492 2218 3079 2431 compt  de la née this will
448 2445 3210 2707 deyin, dap. d in it in de feist
530 2624 3148 2900 Herr handelt, in den geben
489 2855 2993 3123 m... lebtift x sest ge lte in gaan
561 3079 2962 3334 and he been under it. Gre
613 3299 3058 3619 d Be gevenger - Agnts and
647 3575 3006 3805 Agner “ lup den in in ten glorbe
1009 3747 1539 3909 in tien
696 3774 3175 4009 brt ocenden..... oh doi mien or weid
871 3947 2645 4143 in compts
3671 217 6223 551 er effecte in à meublkeiten woffel
6268 224 6478 472 &
3702 437 6247 809 in is with a
3716 692 6247 985 inutlitent at ce oat als
3730 840 6099 1223 offert en offa zichte sei u
3764 1054 6095 1436 [illegible] wicht
3792 1343 5837 1612 and imolln out of u
3681 1515 6188 1856 billement in he tells you
3705 1791 6075 1994 n'2 en bienst il veut le feby, il
3730 1977 6195 2304 ne de Ciné aussitiles.  C, tres
3709 2176 5865 2421 dicar huent in civilel
3740 2414 6006 2714 habe, and, and the in full
3778 2614 5947 2975 von, vil auf de an Tertz
3888 2879 5968 3185 dreber;   humble
4883 3079 5476 3247 in reben,
3881 3075 5854 3413 le erseel,   de
3960 3299 6199 3616 Begehre, der iedem xxx
3967 3540 5748 3792 Iber a d tafelvisal et
3805 3747 5469 3960 man aufgelegen kann.
