6744 4280
863 552 2634 765 hätte durchprügeln lassen.Nun, ich
877 723 2781 950 will dir sagen,warum er es in diesem
894 891 2718 1094 Falle nicht getan. Warum er vielmehr
880 1090 2826 1219 wünscht, dass Tobias Klenk dem Pichter
877 1195 2729 1415 Adalbert Wogelein vorgeführt werde.
901 1384 2840 1551 Es soll eine Falle sein. Die Kunde von
898 1495 2711 1694 meinen aufrühr Ansichten, die einem
901 1667 2753 1887 herzoglichen Richter nicht anstehen
901 1799 2739 1995 mögen, ist wohl schon an sein Ohr ge¬
905 1981 2774 2166 drungen.Und so trifft es sich nicht
908 2131 2816 2313 übel, dass der Zufall ihm einena Casus
919 2316 2903 2495 in die Hand spielt,an dem des Richters
919 2453 2872 2613 politische Gesinnung ohneweiters muss
912 2613 2949 2767 erkennen lassen. Der Hof wirft mir den
912 2701 2963 2938 Handschuh hin, ich nehme ihn auf.“) Ich
919 2928 2798 3081 ahne es, sagte Agnes, du wirst dich
943 3029 2921 3218 ins Unglück stürzen und uns Alle dazu.
248 3137 636 3326 Lieberw.
894 3218 2903 3420 Aber wie es auch-kommen mag“, fügte je
252 3284 762 3403 Mr. I jazidis
252 3371 664 3476 derpiel... 1o
933 3385 2945 3578 plötzlich zu seiner Ueberraschung hin-
262 3413 755 3599 plea for did to
933 3525 2973 3717 zu, ich weiss, was ich als dein angetrau
933 3714 2900 3903 tes Weib dir schuldig bin und werde,
3644 356 4986 657 uitstle Co.
5101 388 6488 685 Ailbe Aulb
3717 604 6359 943 u/. Geschw.
3784 849 6362 1184 dire leut sept. der
3672 1108 6292 1303 (Totia klenk ist den Freund...
3700 1254 6355 1576 opfer de it der Freundschaft; weil
3634 1534 6184 1841 An auf. Avalt. wird
3668 1722 6219 2030 we not time. The Tobia is -c
3623 1988 6289 2348 and of term. is him - kr w
3620 2295 6264 2610 lest aden - is hiemt winnt to be
3700 2474 6097 2785 we can & him in the
5737 2666 6212 2840 guerly,
3707 2722 6387 3050 so d. d ttr'a.. Ja die gute Sart
3689 2945 6467 3274 in a part of present.
3731 3218 6439 3483 Brie heeft de... Mme. même
3707 3427 6516 3812 I did but a Obeyeweck
3693 3658 6401 4042 alis Staf  a hetet as Tok kle
