6760 4488
2449 611 2660 802 107
736 816 2773 1022 Bund. Ins Gefängnis mit Euch und der To¬
705 1080 1627 1199 bias soll hängen.
1177 1127 2904 1333 Aber der Herzog sprach das nicht.
2113 1263 2304 1360 part
1083 1274 2007 1419 spracht anders. I do
766 1305 2890 1580 Er sagte vielmehr: „Schade, beste Frau, von
713 1438 2848 1669 hundert oder tausend äuschen,die Ihr hät¬
797 1596 2943 1818 tet äussern dürfen, sprecht Ihr gerade den
733 1724 2923 1946 einzigen aus, den zu erfüllen nicht in mei-
752 1896 2926 2116 ner Macht steht? Und nach einem kleinen Zö-
2324 2010 2657 2110 damn,
777 2038 2943 2288 gern: „Ich kann dem Tobias Klenk die Frei-
1846 2190 2099 2302 weil
747 2218 2965 2424 heit nicht schenken, denn er ist schon frei
766 2379 2818 2571 Und zu „dalbert gewandt, der wie auf die
766 2557 2879 2740 Stirn geschlagen.dastand: „Mit Euerer Er¬
2599 2607 2932 2718 larbed
777 2660 3012 2873 laubnis. Herr Richter, habe ich den komischen
775 2851 2984 3062 Kauz aus dem Gefängnis entlassen und denke
788 2998 2835 3195 sogar daran,wie ich Euch verraten will,
797 3140 2940 3345 ihm eine Anstellung in Schloss Carolslust
797 3287 2932 3498 zu geben als Jäger,wo er denn seinen Ge-
800 3415 3007 3681 lüsten bequemer und ohne Fährtlichkeit für
808 3601 2812 3812 sich selbst und meinen Oberjägemeister
875 3784 2107 4062 wird fröhnen dürfen,-*
3429 494 3815 702 5/3.1923.
5689 686 6166 838 dünnes,
4134 736 5286 944 Adalbert war totenblas
5428 847 6077 980 seinen Mund.
4164 888 5414 1097 leeres Lächeln verzerrte
5536 941 5855 1041 willher.
4189 994 6183 1205 penn er wusste, dass mit den letzten Wor
5192 1116 5503 1230 u rech
4159 1169 6227 1419 ten des Herzogs seinax eigenes Wesen für
4159 1277 6277 1571 Agnes endgültig zusammengebrochen war, wie
6011 1458 6235 1596 entgeg
4173 1477 5719 1688 ein tönernes Standbild.Nach ei
5983 1585 6213 1757 tat
4170 1663 5736 1830 nung zu suchen war ohne Sinn un
5994 1749 6163 1921 tief
4187 1821 5611 1946 er nichts weiter als dass e
4220 1974 5433 2107 eigte, als fühlte er sic
6041 2063 6252 2193 seine
4192 2113 5422 2326 Tobias Klenks Namen dem
4223 2257 5616 2435 Gnade zu danken. Dieser abe
4203 2421 5541 2565 weiter und ermutigte Agne
4209 2590 5391 2760 einen Wunsches, der nun
4228 2737 5469 2882 einen anderen zu tun, dan
4223 2885 5436 3032 Schuldner das Haus verl
4270 2987 5169 3121 mit einer Stimme,
4228 3040 5855 3254 Agnes, die so fern und fremd für
4789 3109 5525 3237 (deponenten kalt u)
4228 3187 5752 3398 klang, als hätte er sie nie ge
4239 3356 5425 3504 widerte:-So wünsch ich
4253 3468 5714 3706 nem durchlauchtigsten Fürste
4253 3548 6291 3876 mägdle in erwählt zu werden. Und wenn es
