3480 4344
484 430 2771 660 (Hepuriole vie him iste w...    of 1
2413 546 2592 683 153
1343 592 1590 745 to be
242 640 1038 842 Mrs int Hehlen.
1024 677 2654 942 (Wie Timmer,schlimm genug. Und so
248 817 432 987 is
748 856 2711 1064 sollen die Beiden, die da draussen war
745 996 2762 1229 ten, Euch selbst an die Grenze bringen,
743 1186 2623 1340 dass Ihr nicht wieder entwischt.Und
1536 1300 1642 1386 in
754 1331 2777 1551 wenn Ihr Euch/je wieder im Laude sehen
768 1431 2626 1676 lässt,dass Ihr nicht all zu sehr auf
771 1627 2839 1795 meine Crossmut baut,dis ist mein fürst-
785 1744 2700 1972 liches Wort,so sollt Ihr am nächsten
777 1935 2794 2105 Calpen hängen.Ond nun öffnet die Türe,
788 2071 2805 2265 an der Ihr steht, Tobias Klenk." Der ge
788 2248 2828 2395 horchte. Draussen vor dem Fenster stan¬
805 2376 2745 2572 den die zwei Leute in der Dunkelheit.
811 2543 2865 2754 „Hört“, rief der Herzog ihnen zu. In der
802 2660 2754 2871 nächsten Sekuhde springt einer durchs
876 2871 2774 3064 re ster.Nehmt ihn in Euere Mitte und
805 3036 2905 3238 bringt ihn bis zur Grenze nach Feldbach.
1519 3127 1841 3255 mist W
831 3149 2859 3374 Von dort aus mag er sich (entrollen, wo
808 3346 2694 3556 hin es ihm beliebt und sein töricht
814 3511 2683 3679 fruchtloses Leben weiter führen.bis
836 3627 2856 3858 ihn sein Schikksal ereilt.Gebieterisch
825 3792 2854 3989 wies er mit der Hand gegen das Fenster
831 3949 2925 4134 zu, Tobias wandte sich ohne Gruss, schwan
