6744 4200
6256 310 6416 534 R
3128 363 3299 552 40
498 399 3018 662 Herrn zu erhalten und in
3609 399 6445 701 angelegt.    Welber  -  si ce
459 655 3174 865 de Obage mais il a deu toutes & fille
3630 669 6231 972 ihr weil angeholte Onge an: das glaubt.
488 840 2819 1078 in der n. Rechte geeilen
3580 822 6189 1135 nich Blatt und ein zuvor Bewandter
2416 1011 2961 1167 publ
423 1039 2972 1295 unto we a Brsteb cives
3573 1050 6345 1278 que lere. Un c'est for...
4402 1221 4943 1381 erbeilegte
491 1203 3149 1480 seites, en le nach der in meertsten
3488 1349 6295 1544 reid Ich hämpft ab tout en en; il est
4801 1441 6064 1584 wir in schaigen A
495 1409 3157 1669 Recht u Gereiligh Fällen... Am
3495 1523 6174 1762 with obelwntter die kind wlll at
534 1612 3199 1811 wel ia selbt ein Toh kleuh- ja a
3505 1673 6295 2004 we is. Ja in France up wlle...
495 1779 2929 2061 an butter. And Rethr hatt,
3498 1900 6189 2132 who ist bei jener Cenäig, hier i c
523 2036 2943 2270 wollen, und was i in in der fürk
3477 2117 6032 2438 nicht Dep de Sache in wll' 2
548 2238 2972 2445 staecht, de uit er it versoch und
3473 2303 6327 2644 Offerille nehoud wir; domit
584 2452 3157 2701 que les telle, - il vous eux
3512 2601 6367 2858 M bort di m, Oselbret.... hi dass
584 2601 3171 2904 mettule mêlle de Strafe
2267 2769 2669 2865 sla
541 2808 2957 3117 in a in alle de tragorf nefes
3480 2740 6263 3135 let in    and dozi..... He is
559 3014 3028 3295 ob nicht sich die Furner zu fünf
3495 3046 6178 3374 du Angst de Turcht, Ayre; - welck
669 3214 2890 3484 so stell was die
3505 3292 6231 3594 eider frei, - dich heil noch... in de
676 3424 2943 3708 in mn Eigens de Flink.
3626 3512 6160 3722 Hans de Vall & begib in de
1480 3616 2662 3836 inannul ongegriff
633 3708 3214 3947 Lussprit, - (=) -ben ohne Herr. Tussidell
3609 3655 6100 3986 Tofe wenn Tofe wein. Then went
