6680 4376
2384 513 2594 680 131
725 606 2788 941 dirs schon so leicht macht, warum (siehst
733 869 2647 1095 du nicht dazu) Tobias dass du dich so
760 957 2623 1254 rasch als möglich davonscherst über
771 1159 2833 1403 juckt es dich sehr noch mal ins Loch
776 1337 2830 1552 zu spazieren, in einfinstereres als das,
811 1440 2689 1714 in das ich dich (auf ein paar Stunden
2325 1539 2697 1698 sertant
1111 1595 3091 1839 sperren lassen zu deiner Sicherheit, - "
2009 1685 2857 1839 her in de abil
215 1613 725 1916 Mhier
813 1757 1121 1879 habe s
1108 1786 1709 1921 la cueur le secte
869 1770 2881 2025 Tobias, ja, denn, wenn du ahntest, wann du
821 1927 2841 2187 wüsstest, was dir in Wahrheit zugedacht
202 1892 478 2076 an
231 2001 792 2363 Busey
845 2089 2809 2315 war, würdest du erstens nicht so ruhig
1111 2107 1483 2230 no paper
850 2198 2990 2458 dasitzen an diesem Tisch und wüsstestel
912 2381 2942 2612 wie einem zu Mut ist, der noch vor weni-
872 2549 2905 2804 gen Stunden den Rabenals Mahlzeit zuge-
888 2681 2745 2934 dacht war. „Bist du bei Sinnen! lief
904 2838 2806 3104 Tobias und das Glas in seinen Händen
917 2952 2990 3253 klirrte. „Von Sinnen bist du Tobias un
957 3128 3040 3410 warst du von dem Augenblick an,wo du in
2030 3285 2198 3386 to d
967 3295 2952 3556 die Gerichtsstube geführt wurdest und
989 3457 2899 3691 den Herzog da sitzen sahst und nicht
2086 3585 2966 3800 Kopf schon ver -
991 3689 2099 3875 merktest,dass du den
1733 3758 2094 3885 not
2254 3734 2538 3843 Blad
1020 3758 2984 4053 spieltt hattet und mein-Zwinkern nicht
6250 186 6418 303 G.C.F.P
5926 377 6131 513 132
5153 428 5421 630 nicht
4191 510 6091 776 sehen wolltest und ich begriff dass
4483 712 4722 824 me
4196 694 6134 973 jedes Wort, das ich sprach, darauf ange¬
4603 832 5193 962 deinen Kopf
4204 824 6168 1028 legt war dieh zu retten  während
4204 981 6168 1201 du alles dazu tatest,um ihn zu verlie-
3792 1129 5650 1323 a nicht auf entsamt u ein Fällich oder en nächte
4236 1175 6096 1363 ren. (Hätte ich die Verhandlung nicht
4223 1302 6110 1501 mit solcher Ruhe geführt, mit solcher
4236 1432 6205 1693 Ueberlegenheit sich musste Jede Sekunde
4504 1613 5020 1730 was cut flear
4252 1626 6256 1823 gewärtig sein, dass der Herzog sich er-
4247 1812 6139 1969 heben würde, xxxsselbst das Urteil zu
4194 1911 6189 2126 sprechen,das er von mir erwartete, den
4257 2054 6064 2339 Tod für dich.“ Tobias (lachte hell)
4252 2240 6211 2453 auf.“Willst du mich zum Narren machen
4265 2397 6306 2596 oder hat dich einer dazu gemacht, soweit
4263 2506 6261 2732 das noch vonnöten war. Der Tod auf eine
4281 2650 6269 2886 verbotene Waffe, der Tod auf versuchter
4281 2820 6314 3038 Wilddieberei, der Tod auf etliche Prügel
4313 2992 6253 3178 oder gar auf Widerstand gegen Prügel?"
5158 3115 5767 3221 n'en  n'est
4324 3128 6197 3340 „Nein, nicht darauf, aber auf Empörung
5304 3250 6064 3370 H. Wissen
4318 3285 6272 3537 und Hochberrat.Oder denkst du, der Her¬
3752 3303 4180 3500 Thi- xxx
3681 3449 4164 3625 not, but in
4313 3471 6261 3646 zog wäre nach Carolsmarkt gefahren,um
3710 3588 4037 3787 Art
