6744 4504
2573 587 2774 740 105
4034 684 5361 847 dieer Art so ziemlich erw
816 651 2788 928 Irrtums zu zeihen, in den Tobias Klenk
5976 819 6233 930 Eue re
4093 860 5280 978 habe ich nicht Euch ge
760 902 2922 1109 ihn verstricht und dem er nun erst in des
4043 1006 5283 1176 liebliche Gattin. Oder w
765 1081 2942 1224 Herzogs Gegenwart, von seiner Milde bezwun¬
5889 1123 6258 1268 hören,
5400 1129 5613 1249 Stim
4112 1154 5330 1291 nur, um endlich auch ihr
774 1207 2933 1380 gen, im seiner ganzen Unsinnigkeit erkannt
4165 1240 5177 1363 me un cené cnt
4051 1280 5786 1506 die ich leider bisher nicht verne
777 1366 2900 1595 hatte? Aber noch ehe er irgend einen Ent¬
4045 1461 5227 1673 durfte.Sprecht einen W
816 1492 2998 1713 schluss fassen konnte trat ein Lakai ein,
4112 1609 5230 1785 Frau.Wenn es irgend i
785 1690 2799 1847 und meldete, dass der Wagen in Stand ge¬
4107 1763 5297 1886 steht. will ich ihn erfi¬
788 1866 2755 2053 setzt sei. Der Herzog erhob sich, trank
4378 1905 5235 2095 „Durchlaucht“, be
833 1986 2917 2146 Agnes stehend noch einmal zu und sagte:
4073 2062 5235 2207 aber klarer Stimme - u
796 2126 2847 2305 Meinen Dank für die freundliche Bewir¬
4065 2215 5205 2355 ein Zittern durch den
796 2288 3023 2470 tung. Ich machte mich Euch gerne erkenntlich
4124 2391 5149 2509 laucht, ich bitte nun
793 2425 2964 2660 zeigen. Sprecht einen Wunsch aus, bevor ich
4076 2540 5263 2693 Ihr dem Tobias Klenk s
863 2618 2936 2791 gehe. Doch als wollte er verhüten, dass
4093 2699 5266 2880 seht und ihn aus seine
813 2797 3040 2931 Agnes vor dem Herzog ihre Stimme vernehmen
4392 2850 5328 2970 Der Herzog wurde I
807 2945 2824 3076 liess,erwiderte Adalbert für sie: „Dass
4149 3009 5132 3190 ernst.Adalbert schö
805 3079 2995 3232 durchlauchtigster Herzog die Gnade hatten
4084 3160 5129 3347 ne unklare, törichte
874 3199 3042 3375 in unser bescheidene Haus einzutreten, mit
4138 3322 5275 3456 würde die Bitte von A
824 3386 2945 3540 uns an unserem armen Tisch zu sitzen und
4093 3464 5140 3596 hartem Wort,er würde
827 3542 3048 3713 von unserem schlechten Wein zu trinken, ist
4096 3610 5317 3797 Jahr soll ich him schen
838 3721 1984 3922 uns überreicher Dank.
5688 3744 5998 3869 ihm
4098 3760 5601 3953 heit!Ich sehe, Ihr seid alle
1313 3825 2886 4068 „Euch vielleicht,Herr Richter,
1659 3956 1849 4068 stübl.
824 4003 3073 4252 sagte der Herzog- und da ich eine Erwiderung
