3320 4280
2469 495 2669 680 118
829 648 2709 878 würde sich finden). Und schon hatte er
844 806 2669 1014 sich erhoben und stürzte ins Zimmer
1828 938 2278 1034 kleiversion
851 957 2778 1148 daneben,wo er im (Bücherschrank) an ver
858 1096 2738 1321 borgenr Stelle ein Sümmchen verwahrt
858 1272 2800 1460 hatte, das für ein paar Monate reichen
1472 1405 2137 1494 Hier durch auch ihm schon
868 1380 2850 1613 konnte. (Dann silte er in vorgemach,wo
878 1593 2830 1766 die Kleider und Waschschranke standen.
2325 1672 2513 1784 from
903 1742 2768 1969 Fort, fort, sauste es in ihm und plötz
2471 1816 2783 1920 heftre
900 1892 2800 2075 lich, jetzt erst aber mit einem
900 2063 2776 2273 losen Schreck fiel ihm ein, dass arja
1385 2177 2207 2273 in er mein auf,
955 2187 2795 2400 in jedem Fall fort musste,um der Ra
920 2362 2882 2548 che des Tobias Klenk zu entfliehen, der
923 2494 2842 2714 von dieser Unglücksherseg in Freiheit
945 2637 2939 2857 gesetzt, vielleicht jetzt schon auf dem
1979 2736 2879 2874 coup holl me schlimme
994 2820 2872 3011 Weg hieher war und Fürchterliches im
942 2983 2917 3142 Schilde führte. Unfassbare,dass er des
940 3127 2892 3347 Tobias nicht gleich gedacht.) Zwar hat
1009 3251 2921 3473 te der Herzog gesagt: mit dem Befehl,
967 3429 2699 3619 ihn unverzüglich an die Grenze zu
970 3584 2909 3763 schaffen und die Grenze war zwei gute
972 3661 2956 4054 Stunden von hier entfernt, aber, wie Ed
