3480 4328
2621 557 2779 736 147
994 697 3007 881 meint Ihr dazu? Doch kaum bewegte Adal
996 902 2852 1067 bert die Lippen, ohne selbst noch zu
1007 1046 3010 1193 ahnen, welche Worte sich zwischen ihnen
1007 1191 2981 1370 bilden sollten, als ihm den Herzog Ein
994 1328 3070 1538 halt tat und sprach:) Ehe wir den Fall des
1015 1517 2949 1653 Tobias Klenk mit aller nötigen Umsicht
2003 1588 2174 1685 ail.
999 1640 2784 1788 behandeln, werdet Ihr wohl über das
994 1795 2965 1945 Schicksal Euerer Cattin Gewissheit ha
991 1958 2978 2100 ben wollen (Nu:l sorgt Euch nicht umsie.
988 2098 3023 2290 Da sie vorläufig in keiner Weise zu be-
991 2290 2855 2403 wegen war zu Euch zurückzukehren,so
986 2439 3047 2558 habe ich sie bei der Oberjägermeisterin
988 2574 3002 2723 einquartiert (wo sie eine Monat verwei
1009 2731 3118 2942 len soll. Ich selbst aber kehre noch heute
994 2902 3034 3044 in die Residenz zurück. Nach einem Monat,
981 3055 2834 3218 das habe ich von ihr gefordert,wird
981 3231 2928 3346 sie Euch empfangen zu gründlicher Aus
988 3325 2886 3504 sprache und es wird sich erweisen, ob
991 3523 3007 3680 Ihr Euch wieder vereinigen und verstän
1572 3620 1835 3746 Wenn
986 3659 2947 3843 digen könnt. In Euerm Amt habe ich Ech
988 3788 3041 3975 als einen klügeren und gewitzteren Mann
