3496 4328
2520 591 2705 723 145
913 746 2895 892 geben müsste. Da hörte er schon, wie an
908 905 2934 1039 seinerstatt Tobias erwiderte: „Herzogli
962 1005 2975 1257 che Gnaden(es ist noch allzu kurz, dass
944 1206 2939 1378 ich in diesem Hause bin Zur Unterhalt
928 1376 2975 1561 tung war nicht viel Zeit. Freilich dacht
923 1499 2870 1684 ich nicht, dass mir nur so wenig Zeit
931 1702 2934 1831 vergönnt wäre von meinem alten Freunde
923 1810 2877 2016 Abschied zu nehmen, aber was hilft's,
910 1972 2852 2139 herzogliche Gnaden,da bin ich nu ein
926 2129 2836 2317 mal, ich weiss mich völlig in Euerer
921 2309 2985 2481 Gewalt,da draussen stehen auch Zwei,ich
926 2440 2957 2602 habe sie gesehen, und wen ich auch kei
985 2610 2885 2764 neswegs sagen will, dass ich mich mit
926 2759 2996 2906 Geduld in me'in Schicksal ergebe, es wird
926 2934 2841 3070 nun wohl dafür gesorgt sein, dass ich
926 3093 2834 3245 nicht dawider an kann (aber gerade in
931 3237 2934 3371 solchem Augenblick darf ich vielleicht
939 3404 2844 3523 die Bitte wagen, dass Durchlaucht den
926 3553 2983 3703 Adalbert es nicht entgeltem lassen, dass
928 3723 2834 3883 er mich nicht streng genug bewachte.
1013 3849 2870 4034 (Die Türe des Gefängnisses aufgetan)
663 3854 872 4060 me
