6712 4200
587 389 1568 566 I should be sent...
3488 368 6260 753 Uurite; - in ciena til veu leur
505 436 2977 840 at daß sie das Gattin de Gor
3535 631 6436 1081 Rübereits, die nie ihn nicht erlebte
386 688 3175 1002 abzurücken, sich nur ab uWirkläßig
3503 897 6180 1265 Ue petits merk ou, daß alle zum
443 937 3146 1283 gefährlich Reise zu enthalten - wenn
314 1204 3045 1542 de Veil waif ici si ihr kunnen
3542 1193 6267 1593 Kerst wird i Land ist: - darbe
371 1434 3240 1777 suli, daß er auch gestern Eberdehm,
3517 1521 6188 1805 nt der u. dar wie mit Albi¬
393 1712 2937 2000 schwerpom in dort desselben xxx
3503 1719 6353 2209 rottundl Rev i han jntul¬
458 1924 3016 2224 zu überwärts schicher, aber ja die
3492 2036 6087 2433 il d'hier aar eu huweit jeg
389 2101 3103 2483 Ihr klerk kever, die wan man
3542 2310 5950 2685 A da in S ich will wit
389 2404 3088 2739 ous al gong en d'or Acten poulasten
3478 2616 6202 2919 Avebed if in c p phlles daft
342 2645 3092 3020 beginn. until we jenstnlih cipolim.
375 2919 2941 3251 vögte u bekühlst habe.... An
3492 2851 6159 3333 S. Hervt de Himmg.
2040 3160 2328 3312 tiat
339 3175 3146 3517 bei einer et Trésolier sperait ne vos,
3636 3189 5860 3467 wehr zu geeillet an u laut:-
292 3431 2595 3715 déc des nicht leurs vermeil
3582 3416 6022 3755 a constat. bed. d. a Res...
364 3593 3135 3943 Que à Exe. Rivier telle gebrobet
3579 3661 5391 3993 & him & Markel.
