3496 4328
2777 505 2891 619 49
2566 518 3040 705 Tricul
976 640 2842 867 Euch, wenn Ihr verziehtet im Schluss
2376 763 2569 869 en
986 765 2990 1023 Karolslust als Jagdgehilfe in Stellung
1012 989 2904 1208 nehmen. Dies aber merkt wohl, Ihr wer
1010 1119 2850 1267 det unter strenger Hut und Aufsicht
994 1270 2847 1478 stehen und die geringste Auflehnung
1059 1426 2855 1619 würdet Ihr schwer zu büssen haben.
1018 1572 3058 1746 Insbesondere seid Ihr dringend gewarnt,
1012 1738 2930 1954 dem Richter Adalbert Wogelein irgend
1018 1889 3022 2066 etwas nachzutragen oder gar auf irgend
1031 2009 3081 2238 eine Weise Vergeltung zu üben (Also, wenn
1023 2202 2990 2363 Ihr nicht für Euch einstehen konnt, so
1031 2327 2928 2537 nehmt mein Anbot lieber nicht an und
1023 2543 3094 2673 macht Euch davon (über die Grenze,wie es
1023 2699 2014 2837 Euere Absicht war.
1343 2829 2988 2990 Während der Herzog sprach, hatte
1033 3008 3053 3180 Adalbert zuweilen von ihm einen banzen
1031 3136 3001 3313 Blick zu Tobias Klenk hingeworfen und
1044 3295 3136 3456 als der Herzog geendet,gewahrte Adalbert
1093 3433 2897 3646 ein so tückisches Aufblitzen indes
2540 3547 2891 3644 wesen.
2173 3555 2472 3636 ohne
1051 3612 2902 3776 Tobias Augen, dass er wusste,(was ihm
1090 3745 1913 3862 un etre ou vant ma
1051 3737 3011 3974 bevorstehen mochte. Tobias würde bei
