6664 4216
1155 305 1337 449 proche
470 401 2865 521 Hier nicht er, ein ist sel. Beamte, Ehemen,
555 466 2910 655 willen opät nicht. Tauslhausser in de 30
792 590 1340 730 wandt
298 555 531 771 Herr
919 641 2907 884 ser ruhig zuzusehen. Sei er etwa auf
991 812 2958 973 die Welt gekommen,um die Hebel auszu-
984 943 3002 1152 rotten,an denen es freilich in Deutsch-
1878 1100 2043 1186 von
1210 1100 1584 1196 to work.
997 1128 2999 1337 land nicht mangle, xxx denen aber gerade
250 1148 823 1364 doyé rien
984 1258 3013 1481 hier im Lande weniger zu verspüren sei
274 1313 884 1457 zugestellen
278 1419 867 1556 né à l'œuvre
991 1416 2934 1638 als anderwärts x Und wenn es auch hier
298 1508 836 1645 favible a
984 1573 2804 1775 am Ort mit mancherlei nicht gut be-
271 1607 603 1793 hiver
319 1679 881 1875 Jurzzinee
267 1738 2855 1937 stellt sei was sie ihrem Gatten nun
583 1889 771 1971 Gid
182 1899 871 2101 el, die in ht.
997 1902 2931 2050 einmal glauben müsse, wäre es nicht in
1827 2012 2375 2104 abzuwarten,
185 2015 905 2207 2 ocelie talle
991 2053 2872 2238 jedem Falle ratsam wie der neue Herr
175 2170 816 2334 und will ja,
977 2180 2927 2379 sich bewähren werde,derbekanntlich in
182 2259 840 2475 dei 1 fieb sil
213 2334 2968 2574 den allernächsten Tagen/im Lande ein-
206 2478 881 2691 meastant &
984 2523 2900 2680 treffen sollet, um die Zügel der Regie-
973 2677 2999 2876 rung in die Hand zu nehmen.)„Hast du don
984 2828 2893 2985 Verstand verloren,Weib!“ schrie Adal
973 2982 2907 3164 bert. „Ich wollte“,erwiderte sie bli-
977 3133 2859 3318 tzenden Augs, „ich hätte so wenig An¬
973 3297 2859 3455 lass an deinem Verstand zu zweifeln,
960 3410 2934 3640 wie du an dem meinen. Weiss ich doch
977 3592 2982 3733 wahrhaftig nicht, was für ein böser Gei
973 3726 2872 3938 inden letzten Tagen in dich gefahren
5933 524 6104 706 31
4295 682 6063 881 ist. So lang der alte Herzog noch
4298 871 6320 1042 lebte, dem man freilich allerlei Schlim-
4281 1004 6430 1176 mes nachsagen konnte, auch wenn uns
4295 1182 6310 1350 niemals etwas Böses geschahf, ist es dir
4298 1313 6238 1491 nie eingefallen so schauerliche Reden
4281 1477 6197 1645 zu führen, dass einem das Blut erstar-
5542 1604 6101 1738 elles finire.
4278 1631 6221 1865 ren könnte. Und nun, da eine neue zeit
5923 1765 6125 1868 Twee
4288 1793 6272 1947 anbricht, und wir einen jungen Regenten
3571 1697 4164 2053 (He will receive
4278 1926 6265 2142 über uns haben werden (dessen unzufrie-
3534 2012 4127 2142 vat. xxx
3565 2115 4161 2266 lebt,- i
4288 2104 6279 2272 deuheit mit dem Lebenswandel seines Va-
3523 2238 4144 2386 in mir bris.
4281 2231 6327 2464 ters weit und breit bekannt ist) predigst
3637 2341 4209 2533 gebr 2, und
4631 2372 5333 2492 Empony, Brand
4264 2396 6392 2574 du Auflehnung und Tyrannenmord? —
3482 2485 4092 2605 an uilleret
4864 2526 5426 2632 in un all.
3469 2547 4202 2749 De glaublickst in
4631 2560 6283 2759 Er stand vor ihr mit weit aufge-
3475 2656 4185 2852 Huldl Rent
5354 2680 5875 2800 un acter
4267 2694 6279 2903 rissenen Augen noch anstaunter über den
3479 2797 4106 2999 waile soo
4562 2831 4956 2961 debent
4260 2876 6286 3057 den Fluss als über die Verwegenheit ih-
5004 2992 5350 3095 hennt
4257 2999 6108 3246 rer Worte. + „Bildost du dir wirklich
4257 3174 6063 3366 ein „stiesser hervor, dass ich erst
4250 3318 6238 3537 in den letzten Tagen erkannt habe „wo-
4243 3499 6197 3671 hin die Welt steuert und was Not tut?
4257 3637 6224 3832 Soll ich es bereuen, dass ich nach lan-
4264 3805 6104 4031 gem Zögern dich endlich würdig ge-
