6728 4472
2764 639 2927 801 93
2476 793 3017 940 eingebrochen
1020 775 2391 1000 (Es sollte ein Ungewtter
1000 915 2780 1164 soin))). (Univöltigr. A. Welle
1734 994 2898 1134 (Ehr die vielen Terzfei.)
1389 1092 2965 1270 „Herzogliche Gnaden“, erwiderte
595 1103 1038 1332 'sence for
1644 1180 3053 1329 ohne meist an weit Wert herzugebe
1028 1309 2878 1450 Adalbort, dero Eintritt in das Haus
1038 1412 2994 1620 Ihres ergebenen Dieners sei gesegnet.)
1126 1427 1286 1553 4 m
1028 1590 2963 1783 Und mit devoter Handbewegung wies er
1458 1711 1675 1819 attre
1028 1724 3063 1955 auf die/Türe zum Wohngemach, die gleich
1056 1904 3030 2066 falls offen stand. Der Herzog trat ein,
2246 1999 2478 2097 no
1041 2064 3055 2239 Adalbert folgte. Agnes noch am Fenster
1056 2187 3012 2370 hatte dem Eintretenden den vopf zuge-
1054 2319 3112 2520 wandt. Sie neigte sich kaum; die Blässe
1077 2491 2942 2669 ihres Angesichts,das Leuchten ihres
1072 2684 3089 2836 Blicks, das schlaffe Niedersinken ihrer
2038 2790 2192 2873 cune
1069 2793 3022 2983 Arme war i Gruss. Der Herzog wandte
1085 2963 2986 3135 sich flüchtig zu Adalbort, der in ge-
1085 3110 3138 3298 bückter Haltung hinter ihm stand. „Euere
1090 3287 2795 3486 Hausfrau, Herr Richter?“ Und ohne
1090 3421 3092 3596 eine Antwort abzuwarten vor Agnes hin-
1092 3568 3169 3774 tretend: „Heute Morgens,als ich vorüber-
1105 3756 3161 3947 fuhr hielt ich Euch für ein junges Mäd-
1105 3851 3035 4125 chen. Willkommene Fügung,dass mir das
4926 559 6253 755 diesem Haus aus der Ach-
4225 636 5140 835 Rad gerade vor.
4637 734 4849 837 tute
4230 714 6080 909 se lief. Es ist nicht mehr. Ich werde
4238 868 6180 1108 Euch nicht lange zur Last fallen. Xber
4248 1005 6271 1216 ich habe Euer Mahl unterbrochen, das war
4253 1167 6088 1368 nicht die Absicht. Ich werde nur die
4248 1334 6191 1541 Erlaubnis erbitten mit Euch an Euerem
4264 1466 6247 1677 Tische Platz zu nehmen. "Durchlauchtig
4271 1631 6250 1847 ster Herzog“, sagte Adalbert und rückte
4271 1788 6253 1971 einen Sessel zurecht, „die Ehre, die uns
4266 1963 6260 2128 widerfährt ist so gross, dass auch der
4277 2092 6204 2301 untertänigste Dank tief unter dem Ge-
4300 2241 6077 2435 fühl unseres Glückes zurückbleiben
4849 2414 5134 2502 trisee.
4289 2406 5977 2594 muss." Die Worte hatten sich ihm
4292 2561 6245 2767 gleichsam wider seinen Willen auf die
4302 2710 6325 2901 Lippen gedrängt. Er warf einen saschen,
4300 2852 6348 3055 zwinkornden Blick zu Agnes hin, als woll
4313 3009 6286 3202 to er sie glauben machen, dass nur ver-
4320 3164 6247 3359 steckter Hohn seiner Rede eine so de-
4313 3316 6353 3509 mütige Fassung verliehen Agnes aber.völ-
4336 3483 6379 3676 lig in denAnblikk des Herzogs verloren,
4552 3645 4972 3761 Ad. Wm.
4341 3627 6379 3846 hörte kaum, was Adalbert sprach. Der Her-
4341 3779 6417 4016 zog wollte seinen Platz nicht früher ein
