6568 4280
801 368 2404 510 Mit xxx nicht in der Ehe
984 482 1605 613 a été peu
741 573 2757 756 noch erlaubt war.) Ausser dem Vater-Bür-
747 750 2791 864 germeister, etlichen Verwandten und eini-
756 921 2823 1024 gen verheirateten Jugendgespielinnen kam
747 1009 2800 1226 niemand ins Haus von den Männern,beson¬
741 1198 2649 1303 ders den unermählten, hielt sie sich
761 1363 2686 1466 fern, da Adalbert, so wenig Anlass sich
747 1525 2811 1671 bot, es nicht gerne sah, wenn irgend jemand
699 1659 2817 1779 dem (zarten jungen) Geschöpf, das nun einmal
761 1811 2583 1922 ihm gehörte, allzu freundliche Augen
1728 1916 2190 1999 augustine
747 1987 2757 2079 machte oder allzu höfliche Dinge sagte,
747 2147 2828 2252 die junge Männer auch ohne jede unehrba¬
1888 2213 2877 2307 mit eene kunze
764 2287 2666 2384 re Absicht nun einmal zu tun pflegen.
761 2384 2714 2546 Dass ihr Gatte zwei-bis dreimal in der
1058 2518 2047 2649 bije ist de Henik
747 2580 2686 2751 Woche nach dem Abendessen ein halbes
707 2757 2857 2866 stündchen im „Goldenen Ochsen“ zu verbrin¬
1340 2828 1967 2945 me tn Apo
756 2885 2734 3025 gen liebte, konnte sie ihm umso weniger
927 2980 1494 3079 weitel der
761 2994 2940 3145 übel nehmen, als auch ihr eigener Vater
761 3159 2729 3316 und andere ehrsame Büger sich dort als
345 3168 690 3370 Baguen
2295 3285 2583 3387 verbreiben
747 3339 2769 3504 regelmässige Gäste sich dort einfanden
1577 3439 2124 3544 angeborenen
764 3447 2783 3638 und Adalbert sich schon aus Sparsamkeit
756 3610 2774 3832 sich grösster Mässigkeit im Trinkan be-
5971 505 6144 650 20
4559 536 5081 736 menal in
4032 710 6321 861 fliss und immer vor Mitternacht heimkehrte
4037 798 6182 1004 Hierix Hierin war nun allerdings in den
4092 935 6204 1200 letzten Tagen seit Tobias Klenks Wieder-
4100 1166 6076 1309 kunft an des Herzogs Begräbnistag, ein
4092 1292 6082 1491 Wandel eingetreten, dei Agnes mit ei-
4057 1428 6119 1642 niger Besorgnis erfüllte. Nicht nur, dass
4060 1617 6099 1779 kein Abend mehr verging,an dem Adalbert
4274 1702 5668 1819 de Hovis nicht verlorenen soll.
4052 1756 6139 1936 sich nicht ins Wirtshaus begeben hätte,
4103 1905 6085 2107 er kehrte (überdies) in immer späterer
5403 2004 5748 2130 while
4069 2056 6196 2272 Stunde heim und befand sich dann auch in
4645 2181 4810 2304 no
4069 2210 6230 2412 einem selten erregten Gemütszustand, den
4114 2412 6239 2572 Agnes anfangs dem reichlicher genossenen
4120 2481 6096 2737 Wein zuzuschreiben geneigt war  bis
4120 2680 6059 2903 sie eben erfuhr, dass Klenk wieder da
4131 2823 6170 3034 war, dessen Jugendfreundschaft mit Adal-
4083 2968 6150 3205 bort,wie eine halb verschollene Legende
4077 3162 6167 3347 im Städtchen weiterlebte (und die auchan
5449 3248 6281 3424 Nilbald
4137 3290 6062 3518 ihr Ohr gedrungen war.) Nun erst fiel
4134 3450 6116 3684 ihm ein, dass auch vor zwei Jahren an
4074 3621 5674 3861 lässlich des letzten Besuches
