6680 4232
1751 560 2559 732 Ie lachte leul
2267 624 2908 833 lurly 36
1088 705 2979 931 Agnes?“ Sie wurde immer heiterer. „Wie
1103 924 2876 1068 du, wie wir alle. Sollt ich den Erb-
1105 1039 2918 1253 prinzen nicht kennen?" „Du hast ihn
1103 1250 2871 1383 gesehen?“ „Wer sah ihn denn nicht?
1091 1334 2859 1518 Sollt ich mir die Augen verbinden,
1078 1560 2815 1678 wenn er durch unser Städtchen zur
1066 1710 2893 1842 Jagd fuhr? Ach,es geschah selten ge
1086 1869 2864 2002 nug. Wie edel war seine Haltung, wie
1086 1953 2916 2169 freundlich sein Blick. wie strahlend
1066 2134 2896 2309 seine stirn. Von einem, der so aus -
1073 2314 2943 2483 sieht,Adalbert,kann uns nichts Böses
1061 2412 2893 2596 kommen Und darum mein ich,Adalbert,
1051 2567 2820 2773 es wäre töricht von dir, ja Frevel
1049 2719 2948 2962 wäre es gegen dich selbst,gegen dein
1054 2869 2945 3048 Weib, deine Familie, dein Land,wenn du
1054 3024 2977 3213 dich jetzt innirgend was einliessest,
1049 3218 2930 3340 das nicht nur dir und uns allen ver-
1533 3313 1766 3424 werde
1049 3372 2889 3527 derblich wäre, sondern sich überdies
1039 3490 2984 3682 als völlige Narrheit erweisen könnte.
1034 3704 3011 3886 Sie war es nun,die sanft, fast mütter-
1032 3839 3002 3982 lich seine Hände erfasst hatte, so dass
5964 506 6136 673 37
4362 590 6276 862 er seinen Unmut unwillkürlich einen
4414 796 6256 1017 milderen Ausdruck zu geben gedrängt
4402 973 6349 1184 war und, wie um sich zu beruhigen, aber
5244 1086 5470 1186 das s
5541 1088 5836 1189 Sie di
4409 1142 6347 1324 doch in einem Ton, der verborgene Ab -
4409 1285 6298 1469 sicht merken xxx musste, sie wissen
4397 1434 6236 1616 liess, dass vorläufig keineswegs ir-
4404 1597 6099 1786 gend etwas von Beweutung geplant
4409 1732 6335 1960 sei, dass es sich nur um einen Zusam -
4397 1904 6153 2093 menschluss gleichgesinnter kühner
4392 2058 6256 2260 Männer und eine Bereitschaft handle
3842 2115 4264 2348 Anders
4404 2238 6369 2424 für den Fall, dss es einmal Zeit dazu
4635 2319 5025 2410 Nardet
4392 2410 6305 2599 sei. Aber was/die Hoffnungen anbelan-
4384 2473 6244 2726 ge,die sie als braves Landeskind in
4372 2704 6276 2893 den jungen vorzog setze, so war spüre
4375 2822 6263 3043 er wohl, dass gewisse Junge-Mädchen
4379 2994 6232 3218 träume in ihrem Kopfe herumspukten.
