6696 4424
5770 324 5968 450 124
4071 354 6078 726 blick lögerte Adalbert Sollte er nicht
263 584 592 796 1923.
4047 638 6027 903 lieber aus dem Zimmer, auf und davon,so
4435 665 4703 775 innoumée.
2431 649 2616 783 123
4049 796 6068 1008 weit ihn die Beine trugen? (Unsinn)Hätte
812 732 2685 1002 Er schrag zusammen,wandte sich zum
5266 917 5475 1021 sofort
4063 911 6022 1155 nichts geholfen. Besser Aug in Aug die
823 989 2830 1209 wenster hin;draussen, in der Dämmerung,
4929 1083 5347 1174 à m'écrire,
4055 1083 6108 1308 Sache zu bestehen. Tobias würde ihn doch
850 1075 2849 1345 riesengross,stand jemand (Es konnte nur
5617 1187 5982 1292 santen
4122 1214 6242 1463 nicht gleich niederschlagen und xxx
785 1222 2793 1522 Einer sein und der war es auch. Wie ein
809 1431 2806 1667 ungeheuerer Schatten stand er da To¬
4076 1426 5995 1627 suchte mit den Augen nach einer Waffe.
4095 1568 6068 1782 oder nach einem Ding, das dafür gelten
807 1595 2803 1777 bias Klenk. Warum am Fenster? Wagte er
4559 1643 6397 1790 En saff ud einen Begleichen. Ciesen aber mich sollte
4098 1710 6215 1938 konnte. (Er musste doch verstehen. Und wem
807 1729 2817 1927 es nicht durch die Tür hereinzukommen?
839 1777 1032 1865 sich
2870 1828 3082 1994 n
4111 1876 6126 2131 er Schlimmes im Schilde führte, so hätte
962 1857 1814 2021 Esfiel denen
833 1911 2819 2074 Doch richtig.die war ja verschlossen.
890 2015 2766 2152 u vord... dagegen auf ist uit nahm
3532 1948 4001 2098 korten
4114 2026 6191 2222 er wohl gleich das Fenster in Trümmer ge
796 2045 2712 2249 (Zum Teufel,Tobias) hatte es eilig) Was
3548 2064 4090 2216 Aveltut
5808 2093 6100 2195 it is a
4114 2133 6199 2374 hamt. ) Und Adalbert öffnete. Da stand To¬
3594 2179 3929 2297 niet tot
820 2198 2771 2431 war zu tun?) Der Schatten draussen hob
3572 2238 4049 2380 noch
4770 2321 5001 2423 comme
4135 2313 6145 2554 bias Klenk,wie er heute Morgens vor Ge-
844 2356 2894 2535 die Faust, als wollte er das Fenster zer
3540 2334 4058 2495 es holdée tous
1672 2458 2533 2597 es geschah mir ein Klopf
3543 2428 3977 2559 it wolle.
4146 2441 6172 2672 richt gestanden in einem verschlissenen
828 2511 2736 2763 schmettern, aber er klopfte nur noch
3548 2538 3993 2667 de tout
5770 2538 6199 2675 in half
4138 2629 6188 2857 Reiteranzug mit hohen Stiefeln, nur dass
3548 2645 3940 2785 in him
850 2664 2768 2862 einmal, ohne besondere Heftigkeit. Was
2002 2739 3018 2881 machte die paar I will
3564 2763 3873 2902 sincer
4143 2758 6266 2988 er überdies noch seinen graunen Radmantel
844 2835 2849 3015 blieb übrig? Adalbert ging zum Fenster
981 2961 2173 3085 in trust;  to be à the
4170 2881 6202 3170 um die Schultern geworfen hatte. Hinter
850 2988 2659 3160 hin TobiasLückte. Ob seine
4173 3053 6255 3310 ihm breiteten sich die dämmernden Felder
852 3090 2996 3374 Augen (freundlich oder böse) drainschauten,
4170 3221 6215 3484 aus, auch der nahe Kirchturm von Karols-
863 3283 3015 3481 war nicht zu unterscheiden. Und er sprach:
1471 3404 2179 3546 leive, first my
4192 3385 6191 3618 markt war zu sehen. „Was machst du da?“
871 3420 2846 3653 Mzckxdassx „March s Fenster auf: (In der
4192 3497 6244 3822 fragta Adalbert. „Was willst du von mir?"
925 3591 3002 3808 Küche, im Garten ist niemand,nicht deine
5317 3653 6078 3827 fryl Wilbert.
876 3717 2843 3977 Frau und nicht die Magd. Mach auf, mach
933 3899 2870 4159 auf! Es ist besser so. Einen Augen
