6728 4456
3513 271 6387 593 habitaber Tredat - aal 81
3477 525 6026 850 du haut cette inde lit
2267 703 2888 932 Seacl. 67
3549 789 5819 1175 futem né im erst lon
1321 825 3052 1100 „Ich habe mich nicht zu verteidi-
860 1003 3063 1278 gen, da ich mir keiner Schuld bewusst bin,
3534 1039 6051 1417 in lillenamt.. zu Ihle
1396 1175 1864 1303 -eilebe En
871 1175 2813 1407 sondern ich klage an und zwar vorerst
1849 1292 2674 1424 Ao. interessant et
1342 1328 2985 1560 „Genu., rief Adalbert Wogelein,
3559 1282 5880 1703 Johann.. ne me blet
871 1496 2952 1699 (Ihr steht als Angeklagter hier und wie
889 1628 3095 1874 haben vorläufig diesen Fall zu erledigen.
3506 1539 6065 2028 is don't, - in the gi
900 1756 3070 2017 Habt Ihr gegen irgend jemand eine Anklage
3488 1853 5973 2206 is besintet tenn gern
925 1956 3113 2174 vorzubringen, so mögt Ihr es zu gelegenerer
1175 2088 2692 2271 in notmerggen sie loch, ich nur..
910 2113 2938 2370 Zeit (tun. Der heute ist es zu slät) Noch
3574 2060 5798 2553 Eurez jou né : een Viricho
3738 2199 4031 2378 Sorg
935 2206 3145 2463 vier Fälle harren heute meines Spruchs. Wir
914 2424 2138 2674 müssen zu Ende kommen."
3559 2399 5666 2842 vi la. z. beben.
1407 2524 3188 2774 Ich klage an, begann Tobias Klenk
942 2752 1596 2963 von neuem —
1428 2838 3142 3074 „Stille“,rief Adalbert Wogelein,-
960 3038 3077 3281 es ist ihm nicht zu helfen, dachte er bei
1496 3163 2456 3306 wiederliud, daß er paul
960 3238 2128 3449 sich (und freute sich.)
1449 3270 2842 3534 „Ieh klage an“ „rief Tobias
989 3481 3124 3727 Klenk, erstens den Oberjägermeister,zwei-
800 3584 3288 3877 2. tehe seine beiden Jäger und drittens -ol Xxx
2999 3741 3281 3881 neht
1474 3781 3077 4013 -Nur weiter, dachte Adalbert Wo-
1489 3963 1731 4095 gräbt
971 3981 3170 4202 gelein, er trakt sich selber sein Grab.Und
