6760 4328
2463 433 2655 562 154
906 575 2959 853 sich über die Prüstung,die beiden War¬
909 789 2908 995 tenden draussen ergriffen ihn und alle
916 954 2299 1165 verschvanden in der Nacht.
1235 1077 2794 1298 Nun stand Adalbert allein mit
1850 1171 2614 1295 at meadt in
938 1247 2889 1415 dem Herzog da. Der mir sagte: (Ihr Adalbert
938 1367 3009 1563 Wogelein seid meiner Grossmut oder irg¬
963 1481 2959 1733 end einer Rücksicht noch weniger wert
957 1623 2886 1885 als der, den ich eben davongeschickt.)
947 1816 3015 2046 Es tut nicht gut, Herr Richter Wogelein,
979 1983 3056 2220 vor seinem Weib oder vor der Welt einen
1026 2141 2946 2330 kühneren oder grösseren Mann spielen
973 2289 2892 2539 zu wollen, als der,zu dem Gott einen
988 2447 2880 2700 einmal geschaffen.Es geht in solchen
991 2595 3009 2861 Fällen ohne Lüge nicht ab, hat man sich
1001 2772 2921 2968 erst einmal zu einer entschlossen,so
1004 2889 2984 3189 folgen die nächsten mit Notwendigkeit
1007 3050 3038 3306 und am Ende umstehen eine die eigenen
1039 3195 3063 3432 Lügen wie böse Feinde, die einen nieder-
1061 3394 1696 3508 1st Bremahlige
1017 3353 3019 3634 schlagen. Ich aber will Euch die Wahr-
1487 3505 2548 3644 in nicht derblück viel
360 3445 856 3644 Unscherd
467 3549 3012 3836 heit sagen. Und ich sage Euch, dass ich
429 3596 849 3738 sut C. to he
1048 3675 3053 3934 von hier aus nicht in die Residenz zu-
480 3783 890 3944 were
1042 3846 2984 4073 rück.sondern geradewegs nach Karols-
6220 344 6426 508 156
4373 515 6353 789 und Züche, doch im ehelichen Schlafzin -
4780 682 6227 871 ihre Magd neben Adalbert im
4361 761 4790 903 mer lag
4780 824 5617 947 leicht an mit sein.
4398 865 6403 1083 Bett/Sie gab ihm eine Ohrfeige,die Magd
4386 963 6280 1257 sprang heulend aus dem Bett und lief
4458 1190 5264 1399 im Hemde hinaus
4926 1276 6236 1516 Agnes el wurde noch manchen
4402 1468 6334 1692 Tag von der herzoglichen Kutsche nach
4398 1604 6394 1787 Karolslust abgeholt. Adalbert blieb - Q
6167 1702 6432 1828 abri¬
4383 1768 5797 1866 in auf der xxx
4458 1800 6403 1980 Richter in Karolsmarkt der Herzog ein
4831 1904 5232 2014 in d to
4411 1945 6264 2093 Fürst, wie viele seiner Vorfahren ge-
3906 1986 4244 2166 rged
4430 2097 6403 2314 wesen, nicht eben böse. auch nicht allzu
4449 2198 6473 2428 gut. Er nahm eine Prinzessin von Württem-
4433 2371 6448 2567 berg zur Frau, hatte manches Gartenmägd-
3723 2412 4250 2595 fr rigner
4436 2526 6366 2744 lein neben ihr, drei eheliche und sie-
3707 2558 4244 2756 er gewernt
3738 2697 4181 2867 wohl!
4436 2662 6416 2902 ben uneheliche Kinderseines von Agnes,
4477 2810 6549 3041 das aber im Hause des Richters aufwuchs.
4863 2965 6435 3192 Der Calgen,an dem Tobias Klenk
4503 3180 6347 3341 gehängt wurde,stand in einem andern
4449 3341 4749 3533 Land.
