<?xml version="1.0" encoding="UTF-8" standalone="yes"?>
<PcGts xmlns="http://schema.primaresearch.org/PAGE/gts/pagecontent/2013-07-15" xmlns:xsi="http://www.w3.org/2001/XMLSchema-instance" xsi:schemaLocation="http://schema.primaresearch.org/PAGE/gts/pagecontent/2013-07-15 http://schema.primaresearch.org/PAGE/gts/pagecontent/2013-07-15/pagecontent.xsd">
    <Metadata>
        <Creator>prov=READ-COOP:name=TrHtr:version=2.1.0:model_id=51170:date=14_08_2023_15:01</Creator>
        <Created>2023-05-10T14:17:44.466+02:00</Created>
        <LastChange>2023-08-14T15:01:19.473+02:00</LastChange>
        <TranskribusMetadata docId="1428610" pageId="55418214" pageNr="57" tsid="132809642" status="IN_PROGRESS" userId="64420" imgUrl="https://files.transkribus.eu/Get?id=WJYBRWQYYBIVGOWOOHXXHYAS&amp;fileType=view" xmlUrl="https://files.transkribus.eu/Get?id=EKKHQSGMIECLNUHPTRVUKOPB" imageId="44692318"/>
    </Metadata>
    <Page imageFilename="1428610_0057.jpg" imageWidth="6648" imageHeight="4424">
        <ReadingOrder>
            <OrderedGroup id="ro_1711787555208" caption="Regions reading order">
                <RegionRefIndexed index="0" regionRef="tr_2"/>
                <RegionRefIndexed index="1" regionRef="tr_1"/>
            </OrderedGroup>
        </ReadingOrder>
        <TextRegion id="tr_2" custom="readingOrder {index:0;}">
            <Coords points="334,857 3110,857 3110,3938 334,3938"/>
            <TextLine id="tr_2_tl_1" custom="readingOrder {index:0;}">
                <Coords points="827,1010 2932,980 2939,800 2746,848 2258,770 1688,851 1556,786 831,881"/>
                <Baseline points="847,997 883,997 973,991 1062,985 1152,985 1241,979 1331,979 1420,973 1510,967 1600,967 1689,961 1779,955 1868,955 1958,955 2047,949 2137,943 2226,943 2316,937 2406,937 2495,931 2585,925 2674,919 2764,913 2853,913 2943,907"/>
                <TextEquiv>
                    <Unicode>ich will vorläufig die Frage ausser Acht</Unicode>
                </TextEquiv>
            </TextLine>
            <TextLine id="tr_2_tl_2" custom="readingOrder {index:1;}">
                <Coords points="844,1163 2671,1085 2878,1139 2885,1000 1603,1078 1427,990 851,1014"/>
                <Baseline points="865,1152 919,1152 1008,1146 1098,1146 1188,1140 1277,1134 1367,1128 1456,1128 1546,1122 1635,1122 1725,1116 1814,1116 1904,1110 1994,1104 2083,1098 2173,1098 2262,1092 2352,1092 2441,1086 2531,1080 2620,1080 2710,1074 2800,1068 2889,1062"/>
                <TextEquiv>
                    <Unicode>lassen,ob diese Beleidigung von Gorihts</Unicode>
                </TextEquiv>
            </TextLine>
            <TextLine id="tr_2_tl_3" custom="readingOrder {index:2;}">
                <Coords points="851,1319 2719,1285 2817,1268 2820,1153 2546,1088 2254,1200 1648,1122 1305,1241 854,1248"/>
                <Baseline points="871,1307 943,1301 1032,1301 1122,1295 1211,1295 1301,1283 1391,1283 1480,1277 1570,1277 1659,1271 1749,1271 1838,1265 1928,1265 2017,1259 2107,1253 2197,1247 2286,1247 2376,1241 2465,1241 2555,1235 2644,1229 2734,1223 2823,1223"/>
                <TextEquiv>
                    <Unicode>wegen zu ahnden wäre  Aber es handelt</Unicode>
                </TextEquiv>
            </TextLine>
            <TextLine id="tr_2_tl_4" custom="readingOrder {index:3;}">
                <Coords points="851,1454 2719,1427 2875,1332 2722,1285 1658,1373 1529,1295 858,1315"/>
                <Baseline points="871,1456 907,1456 997,1456 1086,1450 1176,1444 1265,1444 1355,1438 1444,1432 1534,1432 1623,1426 1713,1420 1803,1420 1892,1414 1982,1414 2071,1408 2161,1403 2250,1403 2340,1397 2429,1391 2519,1385 2609,1385 2698,1379 2788,1373 2877,1367"/>
                <TextEquiv>
                    <Unicode>sich hier (nur um das Verbot des Waffen</Unicode>
                </TextEquiv>
            </TextLine>
            <TextLine id="tr_2_tl_5" custom="readingOrder {index:4;}">
                <Coords points="864,1631 1468,1675 2397,1553 2620,1610 3061,1546 3065,1437 2644,1390 1990,1522 1756,1424 1400,1542 871,1512"/>
                <Baseline points="883,1606 919,1611 1008,1606 1098,1606 1188,1600 1277,1594 1367,1594 1456,1588 1546,1588 1635,1588 1725,1582 1814,1576 1904,1576 1994,1570 2083,1564 2173,1558 2262,1552 2352,1552 2441,1546 2531,1546 2620,1540 2710,1540 2800,1534 2889,1528 2979,1522 3068,1528"/>
                <TextEquiv>
                    <Unicode>Pragens.das keineswegs unsinnig ist,wie je-</Unicode>
                </TextEquiv>
            </TextLine>
            <TextLine id="tr_2_tl_6" custom="readingOrder {index:5;}">
                <Coords points="871,1800 2790,1695 3058,1766 3065,1603 875,1675"/>
                <Baseline points="889,1761 919,1761 1008,1761 1098,1755 1188,1749 1277,1749 1367,1743 1456,1743 1546,1743 1635,1737 1725,1731 1814,1731 1904,1725 1994,1719 2083,1713 2173,1713 2262,1707 2352,1701 2441,1701 2531,1695 2620,1689 2710,1689 2800,1683 2889,1677 2979,1677 3068,1677"/>
                <TextEquiv>
                    <Unicode>dermann weiss, sondern den offenbaren Zweck</Unicode>
                </TextEquiv>
            </TextLine>
            <TextLine id="tr_2_tl_7" custom="readingOrder {index:6;}">
                <Coords points="1946,1854 1963,1858 2037,1810 2068,1820 2095,1807 2119,1814 2153,1797 2193,1814 2204,1739 2176,1732 2156,1746 2149,1739 2092,1756 2081,1749 2065,1756 2037,1726 2024,1736 2000,1729 1980,1742 1959,1739"/>
                <Baseline points="1970,1803 2029,1797 2119,1785 2209,1773"/>
                <TextEquiv>
                    <Unicode>waren</Unicode>
                </TextEquiv>
            </TextLine>
            <TextLine id="tr_2_tl_8" custom="readingOrder {index:7;}">
                <Coords points="871,1953 1790,1895 2007,1956 2376,1864 2739,1875 2743,1817 2404,1732 1983,1831 1905,1780 1644,1827 1512,1749 1268,1851 878,1800"/>
                <Baseline points="889,1916 961,1916 1050,1910 1140,1910 1229,1904 1319,1898 1408,1898 1498,1892 1588,1886 1677,1886 1767,1880 1856,1880 1946,1880 2035,1874 2125,1868 2214,1862 2304,1856 2394,1856 2483,1850 2573,1844 2662,1844 2752,1838"/>
                <TextEquiv>
                    <Unicode>hat die Wilddieberei zu verhindern.</Unicode>
                </TextEquiv>
            </TextLine>
            <TextLine id="tr_2_tl_9" custom="readingOrder {index:8;}">
                <Coords points="1349,2078 2637,2017 2783,2065 2926,2031 2929,1926 2702,1932 2549,1861 1654,1990 1519,1915 1356,1936"/>
                <Baseline points="1367,2047 1408,2041 1498,2041 1588,2041 1677,2035 1767,2035 1856,2029 1946,2023 2035,2023 2125,2017 2214,2017 2304,2011 2394,2011 2483,2006 2573,2006 2662,2000 2752,1994 2841,1988 2931,1982"/>
                <TextEquiv>
                    <Unicode>Das leugne ich nicht.Auch habe</Unicode>
                </TextEquiv>
            </TextLine>
            <TextLine id="tr_2_tl_10" custom="readingOrder {index:9;}">
                <Coords points="953,2170 1031,2149 1058,2170 1129,2126 1325,2166 1417,2149 1448,2173 1526,2122 1583,2149 1617,2122 1664,2129 1664,2068 1383,2071 1292,2000 1227,1997 1139,2041 956,2048"/>
                <Baseline points="973,2125 1044,2113 1134,2107 1223,2107 1313,2107 1403,2107 1492,2101 1582,2095 1671,2095"/>
                <TextEquiv>
                    <Unicode>Il cette plusie</Unicode>
                </TextEquiv>
            </TextLine>
            <TextLine id="tr_2_tl_11" custom="readingOrder {index:10;}">
                <Coords points="885,2244 2275,2231 2844,2173 2848,2102 892,2153"/>
                <Baseline points="907,2220 973,2220 1062,2214 1152,2214 1241,2214 1331,2209 1420,2203 1510,2203 1600,2197 1689,2191 1779,2191 1868,2185 1958,2179 2047,2179 2137,2173 2226,2173 2316,2173 2406,2167 2495,2161 2585,2149 2674,2149 2764,2143 2853,2137"/>
                <TextEquiv>
                    <Unicode>ich dieses Verbot keineswegs als un-</Unicode>
                </TextEquiv>
            </TextLine>
            <TextLine id="tr_2_tl_12" custom="readingOrder {index:11;}">
                <Coords points="895,2407 3051,2353 3082,2166 2783,2258 1902,2298 1573,2214 902,2241"/>
                <Baseline points="913,2382 937,2382 1026,2382 1116,2376 1206,2376 1295,2364 1385,2358 1474,2352 1564,2352 1653,2346 1743,2346 1832,2340 1922,2334 2011,2334 2101,2328 2191,2328 2280,2316 2370,2322 2459,2316 2549,2310 2638,2310 2728,2304 2817,2298 2907,2298 2997,2292 3086,2292"/>
                <TextEquiv>
                    <Unicode>sinnig bezeichnet, so wenig es andere sind,</Unicode>
                </TextEquiv>
            </TextLine>
            <TextLine id="tr_2_tl_13" custom="readingOrder {index:12;}">
                <Coords points="1234,2448 1261,2451 1281,2465 1312,2448 1342,2458 1363,2454 1373,2465 1390,2458 1417,2465 1427,2383 1407,2376 1393,2390 1370,2373 1346,2383 1329,2366 1278,2397 1261,2400 1237,2390"/>
                <Baseline points="1253,2435 1343,2423 1432,2417"/>
                <TextEquiv>
                    <Unicode>des</Unicode>
                </TextEquiv>
            </TextLine>
            <TextLine id="tr_2_tl_14" custom="readingOrder {index:13;}">
                <Coords points="885,2570 2539,2478 2719,2532 3007,2465 3010,2366 888,2465"/>
                <Baseline points="907,2531 955,2531 1044,2531 1134,2531 1223,2525 1313,2525 1403,2519 1492,2513 1582,2501 1671,2501 1761,2501 1850,2495 1940,2489 2029,2489 2119,2489 2209,2483 2298,2477 2388,2471 2477,2471 2567,2465 2656,2459 2746,2459 2835,2453 2925,2447 3015,2447"/>
                <TextEquiv>
                    <Unicode>durch die zu cunsten eines (Mächtigen die</Unicode>
                </TextEquiv>
            </TextLine>
            <TextLine id="tr_2_tl_15" custom="readingOrder {index:14;}">
                <Coords points="2305,2573 2363,2566 2404,2576 2465,2553 2478,2573 2509,2559 2532,2570 2563,2563 2583,2549 2617,2559 2617,2492 2576,2478 2539,2478 2468,2515 2448,2498 2427,2512 2414,2498 2370,2495 2309,2519"/>
                <Baseline points="2328,2549 2358,2549 2447,2543 2537,2537 2626,2543"/>
                <TextEquiv>
                    <Unicode>son la</Unicode>
                </TextEquiv>
            </TextLine>
            <TextLine id="tr_2_tl_16" custom="readingOrder {index:15;}">
                <Coords points="905,2705 1458,2736 2061,2651 2363,2729 2627,2624 2976,2654 2980,2522 1766,2614 1315,2529 909,2583"/>
                <Baseline points="925,2680 1014,2680 1104,2680 1194,2680 1283,2674 1373,2668 1462,2662 1552,2662 1641,2656 1731,2656 1820,2650 1910,2650 2000,2644 2089,2644 2179,2638 2268,2632 2358,2632 2447,2626 2537,2620 2626,2620 2716,2609 2806,2609 2895,2603 2985,2603"/>
                <TextEquiv>
                    <Unicode>Freiheit (und der Wohlstand anderer vom</Unicode>
                </TextEquiv>
            </TextLine>
            <TextLine id="tr_2_tl_17" custom="readingOrder {index:16;}">
                <Coords points="888,2882 2909,2814 3078,2773 3082,2705 892,2780"/>
                <Baseline points="907,2841 937,2841 1026,2841 1116,2841 1206,2835 1295,2835 1385,2829 1474,2823 1564,2817 1653,2812 1743,2806 1832,2806 1922,2800 2011,2800 2101,2794 2191,2794 2280,2782 2370,2782 2459,2776 2549,2776 2638,2770 2728,2770 2817,2764 2907,2758 2997,2752 3086,2734"/>
                <TextEquiv>
                    <Unicode>Schieksal minder begünstigter Menschen be-</Unicode>
                </TextEquiv>
            </TextLine>
            <TextLine id="tr_2_tl_18" custom="readingOrder {index:17;}">
                <Coords points="912,3031 2858,2970 3010,2922 3014,2814 1641,2926 919,2871"/>
                <Baseline points="931,2997 961,2997 1050,2997 1140,2991 1229,2985 1319,2985 1408,2979 1498,2973 1588,2973 1677,2967 1767,2961 1856,2961 1946,2955 2035,2949 2125,2943 2214,2943 2304,2937 2394,2931 2483,2931 2573,2925 2662,2925 2752,2919 2841,2919 2931,2913 3020,2907"/>
                <TextEquiv>
                    <Unicode>schränkt wird. So ist auch das Verbot der</Unicode>
                </TextEquiv>
            </TextLine>
            <TextLine id="tr_2_tl_19" custom="readingOrder {index:18;}">
                <Coords points="898,3183 2590,3156 3105,3095 3109,2973 905,3034"/>
                <Baseline points="919,3140 961,3140 1050,3134 1140,3140 1229,3134 1319,3134 1408,3128 1498,3128 1588,3122 1677,3122 1767,3116 1856,3110 1946,3110 2035,3104 2125,3098 2214,3092 2304,3092 2394,3086 2483,3086 2573,3080 2662,3080 2752,3074 2841,3068 2931,3068 3020,3056 3110,3056"/>
                <TextEquiv>
                    <Unicode>wildieberei im Sinne der heutigen Weltzu-</Unicode>
                </TextEquiv>
            </TextLine>
            <TextLine id="tr_2_tl_20" custom="readingOrder {index:19;}">
                <Coords points="346,3278 522,3319 671,3234 695,3254 990,3234 993,3176 915,3173 858,3139 776,3159 644,3119 522,3153 447,3098 356,3129"/>
                <Baseline points="364,3253 370,3259 459,3253 549,3241 638,3229 728,3229 817,3229 907,3217 997,3212"/>
                <TextEquiv>
                    <Unicode>Uur achée</Unicode>
                </TextEquiv>
            </TextLine>
            <TextLine id="tr_2_tl_21" custom="readingOrder {index:20;}">
                <Coords points="315,3376 2756,3285 2970,3237 2973,3153 1363,3163 319,3329"/>
                <Baseline points="334,3361 382,3355 471,3349 561,3337 650,3325 740,3313 829,3313 919,3313 1008,3301 1098,3301 1188,3295 1277,3289 1367,3283 1456,3283 1546,3283 1635,3271 1725,3271 1814,3271 1904,3259 1994,3259 2083,3253 2173,3253 2262,3253 2352,3247 2441,3241 2531,3241 2620,3235 2710,3229 2800,3223 2889,3223 2979,3212"/>
                <TextEquiv>
                    <Unicode>eine Willigstände nicht s weniger als unsinnig, aber</Unicode>
                </TextEquiv>
            </TextLine>
            <TextLine id="tr_2_tl_22" custom="readingOrder {index:21;}">
                <Coords points="925,3478 2478,3380 2841,3441 2983,3404 2987,3285 932,3332"/>
                <Baseline points="949,3456 1020,3456 1110,3450 1200,3444 1289,3444 1379,3444 1468,3438 1558,3432 1647,3426 1737,3426 1826,3420 1916,3420 2006,3415 2095,3409 2185,3403 2274,3397 2364,3391 2453,3379 2543,3379 2632,3385 2722,3385 2812,3379 2901,3373 2991,3373"/>
                <TextEquiv>
                    <Unicode>die Zustände dieser Welt sind es, in der</Unicode>
                </TextEquiv>
            </TextLine>
            <TextLine id="tr_2_tl_23" custom="readingOrder {index:22;}">
                <Coords points="322,3488 434,3492 559,3434 590,3451 620,3431 692,3431 746,3454 753,3353 709,3336 678,3356 631,3343 464,3397 390,3366 329,3380"/>
                <Baseline points="340,3462 394,3444 483,3438 573,3426 662,3426 752,3426"/>
                <TextEquiv>
                    <Unicode>written.</Unicode>
                </TextEquiv>
            </TextLine>
            <TextLine id="tr_2_tl_24" custom="readingOrder {index:23;}">
                <Coords points="2204,3495 2258,3485 2281,3505 2309,3492 2339,3502 2363,3482 2414,3495 2437,3475 2448,3485 2492,3465 2542,3471 2549,3407 2495,3414 2475,3393 2444,3407 2417,3393 2404,3407 2319,3427 2305,3414 2295,3424 2210,3400"/>
                <Baseline points="2226,3456 2286,3456 2376,3450 2465,3450 2555,3432"/>
                <TextEquiv>
                    <Unicode>gen St.</Unicode>
                </TextEquiv>
            </TextLine>
            <TextLine id="tr_2_tl_25" custom="readingOrder {index:24;}">
                <Coords points="888,3617 2797,3583 3014,3560 3020,3458 1417,3543 1244,3461 895,3478"/>
                <Baseline points="907,3612 967,3612 1056,3612 1146,3612 1235,3606 1325,3600 1414,3594 1504,3588 1594,3588 1683,3582 1773,3582 1862,3576 1952,3570 2041,3564 2131,3558 2220,3558 2310,3558 2400,3552 2489,3546 2579,3546 2668,3540 2758,3534 2847,3528 2937,3522 3026,3510"/>
                <TextEquiv>
                    <Unicode>dem Einen unbeschränkte Macht zu befeh -</Unicode>
                </TextEquiv>
            </TextLine>
            <TextLine id="tr_2_tl_26" custom="readingOrder {index:25;}">
                <Coords points="325,3590 342,3590 346,3600 407,3560 424,3573 437,3566 458,3576 478,3563 495,3583 563,3573 573,3482 539,3485 492,3461 464,3485 427,3492 420,3482 366,3509 332,3509"/>
                <Baseline points="346,3552 394,3558 483,3552 573,3534"/>
                <TextEquiv>
                    <Unicode>in a</Unicode>
                </TextEquiv>
            </TextLine>
            <TextLine id="tr_2_tl_27" custom="readingOrder {index:26;}">
                <Coords points="2119,3631 2153,3631 2193,3661 2220,3641 2241,3658 2309,3624 2329,3641 2397,3654 2431,3637 2454,3641 2454,3570 2404,3566 2376,3580 2315,3560 2288,3573 2265,3566 2237,3590 2200,3556 2180,3556 2146,3587 2119,3583"/>
                <Baseline points="2137,3618 2226,3623 2316,3618 2406,3618 2459,3618"/>
                <TextEquiv>
                    <Unicode>xx</Unicode>
                </TextEquiv>
            </TextLine>
            <TextLine id="tr_2_tl_28" custom="readingOrder {index:27;}">
                <Coords points="929,3780 2475,3709 2936,3756 3007,3743 3010,3614 2217,3668 1742,3587 936,3685"/>
                <Baseline points="949,3779 961,3773 1050,3773 1140,3761 1229,3755 1319,3755 1408,3749 1498,3743 1588,3743 1677,3737 1767,3737 1856,3731 1946,3725 2035,3713 2125,3713 2214,3713 2304,3713 2394,3707 2483,3701 2573,3695 2662,3695 2752,3689 2841,3683 2931,3683 3020,3665"/>
                <TextEquiv>
                    <Unicode>len verliehen ist und der Andere zum Ge-</Unicode>
                </TextEquiv>
            </TextLine>
            <TextLine id="tr_2_tl_29" custom="readingOrder {index:28;}">
                <Coords points="1990,3817 2037,3827 2071,3800 2105,3797 2136,3817 2183,3810 2190,3824 2261,3793 2285,3814 2322,3800 2339,3814 2373,3810 2376,3739 2292,3722 2180,3726 2115,3753 2098,3729 2041,3746 1997,3736"/>
                <Baseline points="2011,3803 2023,3803 2113,3791 2203,3791 2292,3785 2382,3785"/>
                <TextEquiv>
                    <Unicode>duv leurs</Unicode>
                </TextEquiv>
            </TextLine>
            <TextLine id="tr_2_tl_30" custom="readingOrder {index:29;}">
                <Coords points="929,3932 2576,3966 2882,3854 3048,3878 3054,3756 2170,3834 1597,3753 936,3793"/>
                <Baseline points="949,3922 997,3928 1086,3922 1176,3916 1265,3910 1355,3904 1444,3904 1534,3898 1623,3898 1713,3892 1803,3892 1892,3886 1982,3880 2071,3880 2161,3874 2250,3874 2340,3868 2429,3862 2519,3862 2609,3856 2698,3850 2788,3850 2877,3844 2967,3838 3056,3832"/>
                <TextEquiv>
                    <Unicode>horchen verdammt ist. Wo der Eine, der doh</Unicode>
                </TextEquiv>
            </TextLine>
        </TextRegion>
        <TextRegion id="tr_1" custom="readingOrder {index:1;}">
            <Coords points="3510,415 6376,415 6376,4069 3510,4069"/>
            <TextLine id="tr_1_tl_1" custom="readingOrder {index:0;}">
                <Coords points="3702,522 3753,519 3790,478 3817,498 3831,488 3885,485 3875,325 3844,325 3824,336 3770,329 3753,339 3722,325 3715,336 3688,329"/>
                <Baseline points="3713,465 3803,477 3892,477"/>
                <TextEquiv>
                    <Unicode>und</Unicode>
                </TextEquiv>
            </TextLine>
            <TextLine id="tr_1_tl_2" custom="readingOrder {index:1;}">
                <Coords points="3546,563 3583,556 3617,583 3631,573 3651,576 3675,566 3705,570 3698,431 3648,434 3641,427 3617,441 3607,431 3590,437 3539,424"/>
                <Baseline points="3564,537 3653,543 3713,543"/>
                <TextEquiv>
                    <Unicode>und</Unicode>
                </TextEquiv>
            </TextLine>
            <TextLine id="tr_1_tl_3" custom="readingOrder {index:2;}">
                <Coords points="5848,705 5868,698 5895,719 5905,712 5929,729 5953,722 5970,705 6000,709 5990,563 5970,566 5949,553 5929,563 5899,549 5868,566 5841,563"/>
                <Baseline points="5862,638 5952,644 6006,644"/>
                <TextEquiv>
                    <Unicode>64</Unicode>
                </TextEquiv>
            </TextLine>
            <TextLine id="tr_1_tl_4" custom="readingOrder {index:3;}">
                <Coords points="3976,851 6170,854 6153,695 5651,736 5302,658 4492,773 3980,715"/>
                <Baseline points="3994,829 4029,829 4119,823 4209,829 4298,823 4388,823 4477,823 4567,817 4656,817 4746,817 4835,817 4925,817 5015,811 5104,811 5194,811 5283,805 5373,805 5462,805 5552,805 5641,800 5731,800 5821,800 5910,800 6000,800 6089,794 6179,788"/>
                <TextEquiv>
                    <Unicode>Rehbraten verspeist,überdies noch den darf</Unicode>
                </TextEquiv>
            </TextLine>
            <TextLine id="tr_1_tl_5" custom="readingOrder {index:4;}">
                <Coords points="3980,1024 5936,973 6136,1048 6173,878 4221,922 3983,834"/>
                <Baseline points="4000,979 4029,979 4119,985 4209,979 4298,979 4388,973 4477,979 4567,979 4656,973 4746,973 4835,973 4925,967 5015,967 5104,961 5194,961 5283,961 5373,961 5462,961 5552,955 5641,955 5731,949 5821,949 5910,949 6000,949 6089,949 6179,943"/>
                <TextEquiv>
                    <Unicode>einsperren lassen, der auch nur im Verdach-</Unicode>
                </TextEquiv>
            </TextLine>
            <TextLine id="tr_1_tl_6" custom="readingOrder {index:5;}">
                <Coords points="3966,1153 6210,1193 6214,1034 6058,1003 3970,1034"/>
                <Baseline points="3988,1134 4071,1134 4161,1134 4250,1134 4340,1134 4429,1128 4519,1134 4609,1128 4698,1128 4788,1128 4877,1122 4967,1122 5056,1116 5146,1110 5235,1110 5325,1110 5415,1110 5504,1110 5594,1110 5683,1110 5773,1110 5862,1110 5952,1104 6041,1104 6131,1104 6221,1098"/>
                <TextEquiv>
                    <Unicode>te steht, Lust auf den Rehbrateh verspürt zu</Unicode>
                </TextEquiv>
            </TextLine>
            <TextLine id="tr_1_tl_7" custom="readingOrder {index:6;}">
                <Coords points="3976,1370 4031,1370 4075,1336 4095,1353 4119,1342 4143,1363 4176,1339 4275,1359 4315,1325 4346,1332 4349,1193 4309,1197 4234,1149 4200,1166 4170,1149 4132,1180 4068,1170 4041,1149 3980,1163"/>
                <Baseline points="4000,1289 4089,1289 4179,1289 4268,1289 4358,1283"/>
                <TextEquiv>
                    <Unicode>haben.“</Unicode>
                </TextEquiv>
            </TextLine>
            <TextLine id="tr_1_tl_8" custom="readingOrder {index:7;}">
                <Coords points="4346,1461 6058,1448 6061,1319 4346,1353"/>
                <Baseline points="4364,1432 4453,1438 4543,1432 4632,1432 4722,1432 4812,1426 4901,1426 4991,1426 5080,1420 5170,1420 5259,1420 5349,1420 5438,1414 5528,1414 5618,1414 5707,1414 5797,1414 5886,1408 5976,1408 6065,1408"/>
                <TextEquiv>
                    <Unicode>Das Raunen und Murmeln unter den</Unicode>
                </TextEquiv>
            </TextLine>
            <TextLine id="tr_1_tl_9" custom="readingOrder {index:8;}">
                <Coords points="4529,1509 4556,1505 4583,1526 4641,1512 4695,1526 4712,1515 4729,1529 4760,1505 4848,1505 4848,1475 4821,1464 4804,1471 4760,1444 4726,1464 4702,1448 4682,1461 4644,1441 4604,1464 4529,1448"/>
                <Baseline points="4549,1498 4638,1504 4728,1504 4818,1498 4853,1498"/>
                <TextEquiv>
                    <Unicode>dres en</Unicode>
                </TextEquiv>
            </TextLine>
            <TextLine id="tr_1_tl_10" custom="readingOrder {index:9;}">
                <Coords points="3980,1631 6105,1603 6105,1485 5977,1458 5502,1505 5332,1444 4888,1539 3980,1461"/>
                <Baseline points="4000,1594 4053,1600 4143,1594 4232,1594 4322,1594 4412,1588 4501,1588 4591,1594 4680,1588 4770,1588 4859,1582 4949,1582 5038,1576 5128,1576 5218,1576 5307,1576 5397,1570 5486,1570 5576,1570 5665,1570 5755,1564 5844,1564 5934,1564 6024,1564 6113,1564"/>
                <TextEquiv>
                    <Unicode>Zuhörern wurde lauter. Adalbert Wogelein</Unicode>
                </TextEquiv>
            </TextLine>
            <TextLine id="tr_1_tl_11" custom="readingOrder {index:10;}">
                <Coords points="3980,1787 5580,1722 5994,1776 6217,1732 6221,1658 3983,1668"/>
                <Baseline points="4000,1743 4077,1749 4167,1749 4256,1749 4346,1743 4435,1743 4525,1737 4615,1737 4704,1737 4794,1731 4883,1737 4973,1737 5062,1731 5152,1725 5241,1719 5331,1725 5421,1719 5510,1725 5600,1719 5689,1719 5779,1725 5868,1725 5958,1725 6047,1719 6137,1713 6227,1713"/>
                <TextEquiv>
                    <Unicode>fühlte a heiss in seine stirne steigen, dem</Unicode>
                </TextEquiv>
            </TextLine>
            <TextLine id="tr_1_tl_12" custom="readingOrder {index:11;}">
                <Coords points="3993,1956 5319,1881 5807,1949 6194,1888 6197,1824 5844,1759 5149,1814 5038,1749 3993,1827"/>
                <Baseline points="4012,1904 4047,1904 4137,1904 4226,1904 4316,1904 4406,1898 4495,1892 4585,1892 4674,1892 4764,1892 4853,1892 4943,1892 5032,1886 5122,1886 5212,1886 5301,1880 5391,1880 5480,1880 5570,1880 5659,1880 5749,1880 5838,1880 5928,1880 6018,1874 6107,1868 6197,1856"/>
                <TextEquiv>
                    <Unicode>der Satz, den mobias Klenk eben ausgespro-</Unicode>
                </TextEquiv>
            </TextLine>
            <TextLine id="tr_1_tl_13" custom="readingOrder {index:12;}">
                <Coords points="3997,2092 4875,2102 5007,2041 5346,2112 5922,2048 6027,2098 6031,1963 5882,1909 4000,1963"/>
                <Baseline points="4018,2059 4065,2059 4155,2059 4244,2053 4334,2053 4424,2053 4513,2053 4603,2047 4692,2047 4782,2047 4871,2041 4961,2041 5050,2041 5140,2041 5229,2035 5319,2035 5409,2035 5498,2035 5588,2035 5677,2035 5767,2035 5856,2029 5946,2029 6035,2023"/>
                <TextEquiv>
                    <Unicode>chen, sah einem zum Verwechseln ähnlich,</Unicode>
                </TextEquiv>
            </TextLine>
            <TextLine id="tr_1_tl_14" custom="readingOrder {index:13;}">
                <Coords points="3980,2231 5634,2268 6139,2224 6143,2092 3983,2092"/>
                <Baseline points="4000,2203 4089,2209 4179,2209 4268,2209 4358,2203 4447,2203 4537,2203 4626,2197 4716,2197 4806,2197 4895,2197 4985,2197 5074,2197 5164,2197 5253,2197 5343,2197 5432,2197 5522,2191 5612,2191 5701,2185 5791,2185 5880,2185 5970,2179 6059,2179 6149,2173"/>
                <TextEquiv>
                    <Unicode>den er selbst vor wenigen Tagen am Wirts</Unicode>
                </TextEquiv>
            </TextLine>
            <TextLine id="tr_1_tl_15" custom="readingOrder {index:14;}">
                <Coords points="5977,2404 6000,2400 6021,2420 6041,2414 6126,2420 6129,2220 6082,2234 6068,2220 6041,2234 6031,2220 6021,2220 5994,2241 5977,2241"/>
                <Baseline points="5994,2340 6083,2334 6137,2340"/>
                <TextEquiv>
                    <Unicode>ht.</Unicode>
                </TextEquiv>
            </TextLine>
            <TextLine id="tr_1_tl_16" custom="readingOrder {index:15;}">
                <Coords points="3987,2376 5777,2404 5804,2261 3987,2288"/>
                <Baseline points="4006,2364 4065,2370 4155,2370 4244,2358 4334,2364 4424,2364 4513,2352 4603,2352 4692,2346 4782,2352 4871,2346 4967,2353 4967,2353 5003,2346 5092,2346 5182,2346 5271,2346 5361,2346 5450,2352 5540,2346 5630,2346 5719,2346 5809,2340"/>
                <TextEquiv>
                    <Unicode>haustisch im Goldenen ochsen vorgeben,</Unicode>
                </TextEquiv>
            </TextLine>
            <TextLine id="tr_1_tl_17" custom="readingOrder {index:16;}">
                <Coords points="4183,2441 4329,2461 4434,2417 4668,2448 4990,2404 5156,2448 5251,2424 5251,2376 4854,2353 4183,2397"/>
                <Baseline points="4203,2429 4244,2429 4334,2417 4424,2417 4513,2412 4603,2412 4692,2406 4782,2406 4871,2400 4967,2392 4967,2392 5062,2400 5152,2406 5241,2406 5259,2406"/>
                <TextEquiv>
                    <Unicode>ni et rue stolx auf den Ferren¬</Unicode>
                </TextEquiv>
            </TextLine>
            <TextLine id="tr_1_tl_18" custom="readingOrder {index:17;}">
                <Coords points="5994,2526 6017,2532 6034,2522 6048,2532 6085,2519 6126,2532 6156,2515 6217,2539 6217,2414 6187,2417 6129,2400 6082,2434 6041,2417 6010,2441 5994,2441"/>
                <Baseline points="6012,2495 6101,2483 6191,2489 6227,2495"/>
                <TextEquiv>
                    <Unicode>r— als</Unicode>
                </TextEquiv>
            </TextLine>
            <TextLine id="tr_1_tl_19" custom="readingOrder {index:18;}">
                <Coords points="3993,2576 5065,2515 5570,2563 5878,2526 5878,2420 5685,2370 5316,2444 3993,2437"/>
                <Baseline points="4012,2513 4095,2519 4185,2519 4274,2519 4364,2513 4453,2513 4543,2513 4632,2513 4722,2513 4812,2507 4901,2507 4991,2507 5080,2507 5170,2507 5259,2501 5349,2501 5438,2501 5528,2501 5618,2495 5707,2495 5797,2489 5886,2489"/>
                <TextEquiv>
                    <Unicode>Doch er behielt seine Fassung (umsoo</Unicode>
                </TextEquiv>
            </TextLine>
            <TextLine id="tr_1_tl_20" custom="readingOrder {index:19;}">
                <Coords points="4000,2739 5956,2671 6000,2553 4004,2580"/>
                <Baseline points="4018,2674 4035,2674 4125,2674 4215,2674 4304,2668 4394,2668 4483,2662 4573,2668 4662,2662 4752,2662 4841,2662 4931,2656 5021,2656 5110,2656 5200,2650 5289,2650 5379,2650 5468,2650 5558,2650 5647,2650 5737,2644 5827,2644 5916,2644 6006,2644"/>
                <TextEquiv>
                    <Unicode>en fühlte, was auf dem spiele stand und</Unicode>
                </TextEquiv>
            </TextLine>
            <TextLine id="tr_1_tl_21" custom="readingOrder {index:20;}">
                <Coords points="4004,2841 6038,2858 6041,2678 5441,2759 5275,2688 4004,2739"/>
                <Baseline points="4023,2829 4077,2835 4167,2829 4256,2829 4346,2823 4435,2823 4525,2823 4615,2817 4704,2823 4794,2817 4883,2817 4973,2817 5062,2812 5152,2812 5241,2806 5331,2806 5421,2806 5510,2800 5600,2800 5689,2800 5779,2800 5868,2800 5958,2800 6047,2794"/>
                <TextEquiv>
                    <Unicode>sagte: „Dies ist eine Philosophie,Tobias</Unicode>
                </TextEquiv>
            </TextLine>
            <TextLine id="tr_1_tl_22" custom="readingOrder {index:21;}">
                <Coords points="4010,3014 5600,3014 5878,2973 5882,2878 4736,2905 4519,2837 4014,2892"/>
                <Baseline points="4029,2979 4095,2985 4185,2979 4274,2979 4364,2979 4453,2979 4543,2973 4632,2973 4722,2967 4812,2967 4901,2973 4991,2967 5080,2967 5170,2961 5259,2961 5349,2961 5438,2955 5528,2955 5618,2955 5707,2955 5797,2955 5886,2955"/>
                <TextEquiv>
                    <Unicode>Klenk, über die Ihr mit Gelehrten und</Unicode>
                </TextEquiv>
            </TextLine>
            <TextLine id="tr_1_tl_23" custom="readingOrder {index:22;}">
                <Coords points="4010,3173 6058,3163 6200,3143 6204,3031 5719,2966 4014,3058"/>
                <Baseline points="4029,3128 4071,3128 4161,3134 4250,3134 4340,3134 4429,3134 4519,3134 4609,3128 4698,3122 4788,3122 4877,3128 4967,3122 5056,3122 5146,3122 5235,3116 5325,3110 5415,3110 5504,3110 5594,3110 5683,3116 5773,3104 5785,3104 5874,3110 5964,3104 6053,3104 6143,3104 6209,3104"/>
                <TextEquiv>
                    <Unicode>Staatsmännern Euch unterhalten mögt.Für uns</Unicode>
                </TextEquiv>
            </TextLine>
            <TextLine id="tr_1_tl_24" custom="readingOrder {index:23;}">
                <Coords points="3563,3159 3600,3173 3631,3159 3661,3180 3702,3173 3719,3183 3749,3163 3773,3173 3831,3146 3885,3156 3888,3034 3848,3037 3793,3065 3732,3051 3719,3065 3695,3058 3678,3071 3668,3061 3648,3082 3634,3071 3566,3082"/>
                <Baseline points="3582,3134 3623,3140 3713,3134 3803,3140 3892,3128"/>
                <TextEquiv>
                    <Unicode>ursent</Unicode>
                </TextEquiv>
            </TextLine>
            <TextLine id="tr_1_tl_25" custom="readingOrder {index:24;}">
                <Coords points="5753,3204 5780,3207 5807,3193 5831,3204 5871,3176 5902,3200 5922,3183 5956,3207 6014,3193 6044,3207 6044,3156 5966,3153 5939,3132 5916,3143 5838,3126 5804,3156 5753,3153"/>
                <Baseline points="5773,3182 5862,3176 5952,3182 6041,3182 6053,3182"/>
                <TextEquiv>
                    <Unicode>Coss</Unicode>
                </TextEquiv>
            </TextLine>
            <TextLine id="tr_1_tl_26" custom="readingOrder {index:25;}">
                <Coords points="3512,3268 3617,3234 3919,3241 3919,3153 3875,3159 3831,3143 3692,3187 3627,3159 3570,3190 3515,3187"/>
                <Baseline points="3534,3223 3570,3223 3659,3217 3749,3223 3838,3217 3928,3212"/>
                <TextEquiv>
                    <Unicode>die in histo</Unicode>
                </TextEquiv>
            </TextLine>
            <TextLine id="tr_1_tl_27" custom="readingOrder {index:26;}">
                <Coords points="4010,3315 6366,3309 6366,3173 6170,3156 5360,3207 5010,3136 4275,3231 4010,3173"/>
                <Baseline points="4029,3295 4047,3289 4137,3289 4226,3289 4316,3283 4406,3283 4495,3277 4585,3277 4674,3277 4764,3277 4853,3277 4943,3277 5032,3277 5122,3265 5212,3271 5301,3265 5391,3265 5480,3265 5570,3265 5659,3265 5749,3259 5838,3259 5928,3259 6018,3253 6107,3247 6197,3259 6286,3277 6376,3289"/>
                <TextEquiv>
                    <Unicode>hier bei Gericht steht nur der einzelne</Unicode>
                </TextEquiv>
            </TextLine>
            <TextLine id="tr_1_tl_28" custom="readingOrder {index:27;}">
                <Coords points="3515,3363 3583,3329 3600,3339 3644,3315 3661,3326 3692,3312 3719,3315 3766,3353 3834,3353 3834,3254 3793,3251 3773,3234 3702,3231 3678,3251 3648,3237 3624,3234 3607,3251 3576,3237 3546,3258 3515,3254"/>
                <Baseline points="3534,3307 3570,3307 3659,3301 3749,3307 3838,3295"/>
                <TextEquiv>
                    <Unicode>have</Unicode>
                </TextEquiv>
            </TextLine>
            <TextLine id="tr_1_tl_29" custom="readingOrder {index:28;}">
                <Coords points="5848,3336 5868,3339 5871,3332 5878,3339 5895,3332 5916,3349 5973,3353 5990,3346 6034,3359 6027,3282 5987,3292 5949,3261 5919,3278 5912,3271 5905,3282 5899,3275 5882,3288 5865,3278 5844,3282"/>
                <Baseline points="5868,3325 5958,3337 6035,3337"/>
                <TextEquiv>
                    <Unicode>aber</Unicode>
                </TextEquiv>
            </TextLine>
            <TextLine id="tr_1_tl_30" custom="readingOrder {index:29;}">
                <Coords points="5556,3434 5695,3461 5760,3431 5831,3465 6051,3437 6214,3451 6217,3319 6197,3315 6129,3353 6092,3336 6017,3359 5899,3332 5638,3370 5560,3346"/>
                <Baseline points="5576,3420 5641,3420 5731,3415 5797,3415 5862,3415 5952,3415 6041,3409 6131,3409 6221,3409"/>
                <TextEquiv>
                    <Unicode>st wohl einem</Unicode>
                </TextEquiv>
            </TextLine>
            <TextLine id="tr_1_tl_31" custom="readingOrder {index:30;}">
                <Coords points="4004,3465 4407,3509 4777,3465 4827,3515 4980,3448 5332,3498 5397,3437 5509,3444 5512,3359 4871,3390 4766,3329 4495,3312 4417,3359 4007,3363"/>
                <Baseline points="4023,3438 4083,3444 4173,3444 4262,3438 4352,3438 4441,3438 4531,3432 4621,3438 4710,3438 4800,3432 4889,3432 4979,3432 5068,3432 5158,3432 5247,3426 5337,3420 5427,3415 5516,3415"/>
                <TextEquiv>
                    <Unicode>Fall in Frage 7 Eure Ansicht +</Unicode>
                </TextEquiv>
            </TextLine>
            <TextLine id="tr_1_tl_32" custom="readingOrder {index:31;}">
                <Coords points="5390,3485 5410,3482 5444,3512 5499,3509 5529,3482 5566,3502 5577,3488 5594,3502 5627,3492 5624,3434 5600,3441 5580,3431 5549,3437 5536,3451 5516,3444 5505,3454 5488,3441 5465,3448 5441,3431 5390,3441"/>
                <Baseline points="5409,3474 5498,3480 5588,3480 5630,3480"/>
                <TextEquiv>
                    <Unicode>3.</Unicode>
                </TextEquiv>
            </TextLine>
            <TextLine id="tr_1_tl_33" custom="readingOrder {index:32;}">
                <Coords points="3515,3522 3583,3539 3627,3529 3648,3549 3682,3532 3709,3543 3729,3522 3753,3546 3787,3553 3810,3532 3841,3526 3841,3475 3790,3458 3773,3465 3695,3417 3671,3434 3607,3424 3556,3461 3515,3458"/>
                <Baseline points="3534,3510 3623,3516 3713,3516 3803,3516 3850,3510"/>
                <TextEquiv>
                    <Unicode>sur un</Unicode>
                </TextEquiv>
            </TextLine>
            <TextLine id="tr_1_tl_34" custom="readingOrder {index:33;}">
                <Coords points="3488,3624 5705,3651 6217,3583 6221,3451 3492,3526"/>
                <Baseline points="3510,3600 3600,3612 3689,3612 3779,3618 3868,3623 3958,3623 3988,3618 4035,3594 4071,3594 4161,3594 4250,3594 4340,3594 4429,3594 4519,3594 4609,3594 4698,3594 4788,3588 4877,3588 4967,3582 5056,3582 5146,3582 5235,3582 5325,3576 5415,3576 5504,3576 5594,3576 5683,3576 5773,3570 5862,3564 5952,3564 6041,3564 6131,3564 6221,3558"/>
                <TextEquiv>
                    <Unicode>herübiger Geständnis gleich zu setzen und) Ihr drückt</Unicode>
                </TextEquiv>
            </TextLine>
            <TextLine id="tr_1_tl_35" custom="readingOrder {index:34;}">
                <Coords points="3515,3729 3614,3739 3675,3726 3692,3743 3729,3732 3766,3749 3800,3722 3858,3763 3885,3763 3885,3654 3858,3648 3800,3651 3763,3685 3715,3641 3692,3665 3641,3648 3617,3665 3583,3641 3539,3682 3515,3682"/>
                <Baseline points="3534,3713 3623,3719 3713,3713 3803,3713 3892,3725 3898,3719"/>
                <TextEquiv>
                    <Unicode>so we</Unicode>
                </TextEquiv>
            </TextLine>
            <TextLine id="tr_1_tl_36" custom="readingOrder {index:35;}">
                <Coords points="4027,3783 5021,3817 5424,3739 6160,3827 6221,3654 4031,3634"/>
                <Baseline points="4047,3749 4077,3755 4167,3755 4256,3755 4346,3749 4435,3755 4525,3755 4615,3749 4704,3749 4794,3749 4883,3749 4973,3743 5062,3743 5152,3743 5241,3743 5331,3737 5421,3737 5510,3731 5600,3731 5689,3731 5779,3731 5868,3731 5958,3731 6047,3725 6137,3719 6227,3725"/>
                <TextEquiv>
                    <Unicode>damit aus, dass Ihr deshalb mit der Flinte</Unicode>
                </TextEquiv>
            </TextLine>
            <TextLine id="tr_1_tl_37" custom="readingOrder {index:36;}">
                <Coords points="3515,3807 3570,3827 3587,3810 3715,3821 3746,3804 3821,3834 3868,3804 3973,3827 3970,3712 3932,3705 3861,3763 3807,3726 3776,3753 3658,3726 3610,3743 3512,3739"/>
                <Baseline points="3534,3785 3623,3797 3713,3797 3803,3797 3892,3797 3982,3809"/>
                <TextEquiv>
                    <Unicode>n. e. de</Unicode>
                </TextEquiv>
            </TextLine>
            <TextLine id="tr_1_tl_38" custom="readingOrder {index:37;}">
                <Coords points="3543,3909 3627,3919 3665,3892 3695,3909 3743,3885 3844,3912 3841,3844 3810,3831 3787,3844 3695,3817 3671,3834 3627,3810 3610,3817 3593,3807 3573,3827 3539,3831"/>
                <Baseline points="3558,3868 3647,3880 3737,3880 3826,3880 3850,3880"/>
                <TextEquiv>
                    <Unicode>Mr C. S</Unicode>
                </TextEquiv>
            </TextLine>
            <TextLine id="tr_1_tl_39" custom="readingOrder {index:38;}">
                <Coords points="4027,3956 4668,3909 5332,3983 5495,3905 5770,4024 6058,4031 6061,3810 5800,3783 4482,3844 4288,3770 4031,3848"/>
                <Baseline points="4047,3904 4095,3910 4185,3910 4274,3904 4364,3904 4453,3904 4543,3904 4632,3910 4722,3904 4812,3904 4901,3904 4991,3898 5080,3898 5170,3892 5259,3892 5349,3892 5438,3892 5528,3886 5618,3886 5707,3886 5797,3880 5886,3880 5976,3880 6065,3868"/>
                <TextEquiv>
                    <Unicode>ins herzogliche Revier gekommen seid, um</Unicode>
                </TextEquiv>
            </TextLine>
            <TextLine id="tr_1_tl_40" custom="readingOrder {index:39;}">
                <Coords points="3546,3960 3627,3960 3648,3976 3682,3953 3827,3953 3875,3980 3902,3956 3932,3966 3973,3949 3973,3858 3929,3851 3854,3915 3834,3898 3746,3888 3682,3915 3546,3909"/>
                <Baseline points="3564,3952 3623,3952 3713,3946 3803,3946 3892,3946 3982,3946"/>
                <TextEquiv>
                    <Unicode>nuestr</Unicode>
                </TextEquiv>
            </TextLine>
            <TextLine id="tr_1_tl_41" custom="readingOrder {index:40;}">
                <Coords points="3556,4078 3793,4092 3854,4065 3898,4105 3997,4054 4180,4068 4285,4041 4339,4065 4366,4058 4370,3997 4214,3919 4021,3949 3946,3993 3898,3960 3732,3953 3654,4000 3560,4004"/>
                <Baseline points="3576,4059 3653,4059 3743,4059 3832,4053 3922,4053 4012,4047 4101,4041 4191,4041 4280,4035 4370,4035"/>
                <TextEquiv>
                    <Unicode>et St Juli aché</Unicode>
                </TextEquiv>
            </TextLine>
        </TextRegion>
    </Page>
</PcGts>
