6728 4472
2581 616 2762 790 87
899 741 2937 1080 Kerl gesehen hättest, der sich heute, ehe
905 988 2795 1254 der Herzog erschien,an mich 'herange-
902 1146 2762 1412 schlichen und mir zu verstehen gab,
919 1254 2947 1482 dass man meine Dienste zu belohnen wis-
1656 1399 2269 1538 an welchen:
928 1399 3171 1676 sen werde,- woher, frage ich mich kommen,
942 1587 2710 1785 solche Visagen,wo findet ein Fürst
2496 1626 3164 1788 No in noch
948 1735 2940 1966 gleich dergleichen Kreaturen Auch ver-
263 1692 863 1900 mon Haupt
2502 1824 2874 1933 I am
826 1903 1808 2051 wir.. dass nie vers bernier.
968 1870 2901 2101 schwand er sofort wieder!" „So erzähl
2186 1979 2795 2107 I am plus
1133 2068 1587 2190 uvel.
968 2038 2845 2311 mir doch,Adalbert.“ „Weisst du nicht
2423 2140 2753 2255 Plossid
975 2166 3009 2417 schon genug, fragte Adalbert? Er sass da
1515 2315 2483 2440 um ein egenblick en...
991 2328 3039 2568 der Herzog, sprach kein Wort,während ich
1027 2440 2986 2634 est compte, sa mde t. hl.. mais ils est liep et
1001 2519 3055 2779 den Tobias Klenk vernahm, der es übrigens
273 2575 793 2772 wilt fort,
994 2670 3046 2950 darauf angelegt zu haben schien sich um
293 2710 800 2884 wohnt al
994 2825 3009 3092 den Hals zu reden. Ohneweiters gestand
349 2818 797 2970 d Rent
296 2953 662 3138 kein.
1008 2970 3013 3260 er zu,wes er beschuldigt gewesen,hielt
1027 3095 3108 3345 eine Rede gegen Fürstentum und Tyrannei,
1037 3292 2960 3559 behandelte mich dabei als seinen Duz-
1037 3457 2920 3651 kameradon, als hätte er es verwettet,
1057 3556 2927 3875 dass ich neben ihm am Galgen hängen
1063 3750 2927 4033 solle;wahrhaftig,er hat os nicht um
1057 3859 3023 4102 mich verdient, dass ich ihn so gelinde
5242 389 5940 682 in m auch
4165 626 6233 869 bähandelte ihn nur zu einem Jahre verur-
3595 441 3790 810 86
5396 724 5808 830 fel vu
4178 774 6259 994 teilte, und noch weniger, dass ich ihn, wie
4175 899 6085 1096 es meine feste Absicht ist, sobald es
4952 1047 5973 1136 hillem. ich in de
4191 1116 6196 1245 irgend angeht,aus dem Gefängnis wieder
4741 1195 5301 1350 je n'a pas
4274 1235 4484 1333 bele
4198 1198 6233 1422 heraus und an die Grenze bringen lasse,
4297 1333 6009 1492 ne et en de l'heure de Vous, dire de un
4205 1376 6246 1626 „Rist du bei Sinnen, Adalbert? Es würde
3526 1554 6177 1676 dich deine Stellung, deine Freiheit, am
4205 1650 6302 1867 Ende dein Leben kosten.“ „Lass gut sein,
3546 1686 3905 1870 min is
3562 1841 4152 1989 M d d Eust.
4221 1817 6269 2074 Agnes (es wird so schlimm nicht werden.)
3559 1959 4056 2097 Sonntedt
4224 2025 6164 2216 Es ist zu hoffen, dass der Herzog vor-
3533 2074 3846 2259 wir
4234 2134 6233 2328 läufig keine Verfügungen getroffen,wie
3497 2176 4175 2348 Nun wel zu
4228 2288 6246 2479 du sie fürchtest und mich etwa noch in
3523 2315 4030 2479 n in
3523 2443 4076 2562 will  zuber
4244 2427 6203 2644 dieser Stunde aus dem Hause schleppen
3523 2545 4030 2720 man in Mr
4234 2575 6144 2818 und ins Gefängnis werfen lässt. Wie
3530 2674 4139 2848 viel, wie
4260 2713 6299 2934 ich ihn durchschau in seiner Hinterhäl-
3562 2838 3783 2970 ev.
4251 2868 6279 3075 tigkeit lässt er ein paar Wochen hinge-
4619 3032 5732 3167 mit in Ticherheit zu engen
4260 3108 6160 3289 hen, um seine Rache vorzubereiten und
4267 3207 6331 3457 bis dahin will ich alle notwendigen Vor-
4270 3358 6341 3612 kehrungen getroffen haben."  „Was redest
4277 3507 6101 3721 du,was willst du was hast du vor?"
4708 3648 6335 3951 Adalbert schwieg und sah düster
3658 3987 4116 4158 moypere
