6584 4184
1439 442 2792 641 Von der Tode Herzös was 8
770 577 2778 850 Lieben jahren, da er sehr vornehm,fast
778 770 2887 1011 kavaliermässig angetan, in Karolsmarkt auf-
790 985 2913 1169 getaucht war seiner Mutter Leinenzeug und
836 1071 2829 1252 Tuch aus Holland, sowie ein Halbdutzend
2174 1218 2424 1339 challe
796 1227 2890 1465 silberne Teller mitgebracht, an der Wirts-
790 1408 2947 1566 tafel beim Goldenen Gehsen eine Woche lang
778 1531 2901 1767 aüte Bekannte frei gehalten und eines Mor-
796 1680 2870 1876 gens von einer alten Kutsche, in der eine
830 1853 2683 1994 nicht mehr ganz junge,vornehme Dame
1471 1982 2028 2083 unden zer
1755 2008 2985 2229 as aar seither ab
796 2039 1597 2166 sass,abgeholt wt
1588 2060 1772 2212 rde
997 2131 1600 2241 gens à offert.
2315 2123 3008 2246 er ihren u
845 2226 2939 2381 und von einem Mal zum andern/in einem im-
824 2344 2933 2462 mer verschlisseneren gewand,in immer ver-
784 2513 2709 2620 drossenerer jaune und mit einem immer
2269 2594 2488 2692 in w
796 2654 2804 2763 loseren Maule in Karolsmarkt und an der
819 2766 2844 2993 Wirtstafel zum Goldenen Ochsen ersehie-
784 2904 2870 3140 nen war. Und so fügte es sich, dass er ge-
778 3045 2749 3234 rade an den Fag,wo man den altenHerzog
1439 3206 2709 3292 seiner etwa beigenst a.d.
730 3232 2755 3444 (in der Gruft von Sigmaringen) begruben,
764 3395 2804 3536 nach mehr als zweijähriger Abwesenheit
764 3504 2835 3717 in einem sehlimmeren Zustand als je,bei-
753 3714 2821 3881 nahe zerlumpt, in Karolsmarkt wieder ein-
3935 414 6124 638 getroffen war und aun als dreiunddreßssig.
4860 574 5251 681 auschickte
3981 620 6035 764 jähriger mensch/seiner alten Mutter, die
3981 790 6084 954 sich längst auch von dem letzten silber-
3947 934 6087 1149 nen Teller hatte trennen müssen, und sieh
4585 1043 5323 1152 als which at
3355 982 3941 1175 sheer Unleitung
3582 1126 5894 1241 mühselig von ihrer Arbeit in fremden
5745 1186 6110 1324 liegen
4467 1204 4849 1307 oudenly
3935 1278 5914 1439 Häusern forthrachte,in der Tasche ###g,
3984 1402 6087 1543 Aber trotz seines üblen Aus-und Ansehens
5863 1505 6021 1634 in
6090 1476 6325 1692 to me
3947 1520 5788 1732 nahm er allabendlich seinen Platz an
3941 1686 5719 1867 Wirtshaustisch (zum Goldenen Ochsen
3947 1881 5802 1999 obwohl es manchen der friedlichen Bürger
3935 2014 5906 2152 bei sei nen freehen und lästerlichen Re
3987 2183 5800 2312 unbehaglich zu Mute war, hörten sie
3987 2330 5817 2516 nicht nur mit leidlicher Geduld an,
3941 2508 5914 2617 dern wie nach einer stillen Verabredung
3987 2634 5912 2806 zahlte jeden Abend ein Anderer fürihn
3978 2801 5889 2990 die Zoche in geheimer Angst vor dem
3941 2976 6021 3128 abenteuerlichen Mensehen, den sie, ohne
3993 3111 6093 3260 einer dem andern zu gestehen, nach seinen
5432 3186 5863 3295 I am
3978 3260 6087 3438 Silden Reden jeder venzmaifeltenTat, ja, -
3987 3427 6032 3571 vielleicht zu Unrecht, selbst einer hin-
3981 3573 5883 3763 terhältigen Rache für fähig hidten.
