6680 4344
4058 546 5500 739 eine Schuld bedeuten." Ihr
2659 594 2818 774 61
4368 674 6339 910 „Ihr seid erstlich angeklagt im Jagd
748 734 2767 950 glaubte, dass dieser lächelte, setzte er
4067 828 6069 1010 revier Seiner herzoglichen Gnaden eine
759 967 2966 1092 hinzu: „Somit werde ich auf eigene Verant-
4067 975 6299 1223 Waffe und zwar eine Jagdflinte getragen zu
759 1066 2912 1243 wortung einschreiben:.Dermalen beschäfti
4047 1197 6162 1368 haben womit Ihr wis sontlich ein strenges
754 1294 1348 1447 gungslos.
4067 1285 5429 1482 Verbot überschritten
1129 1348 2935 1615 „Wieso? Freund wogelein? Deine Be-
4632 1433 5048 1530 it is:
4416 1425 6108 1621 „Dass dies ein Verbot ist, weiss
4513 1592 6319 1686 behaupte is, daß deren Verlob
754 1558 2858 1740 schäftigung ist zu fragen, meine zu ant¬
3523 1547 3967 1732 es sous les
4072 1658 5511 1763 ich, nur bestreite ich dem Heu
5523 1644 6248 1809 erzog das Recht
4078 1746 5531 1846 in septemt hage i d pou en
754 1712 2878 1866 worten. Ich kann mir so wenig helfen als
3583 1786 3922 1934 tut welch
4067 1774 6154 1945 ein solchs Verbot zu erlassen./Es könnte
4067 1902 5244 1999 Vielst beiträgt unter rechne
771 1857 2975 2042 du, wir stehen beide unter demselben Gesetz
967 1985 1285 2104 1st glaub
4050 1897 6205 2073 einmal irgend einem.-ürsten einfallen, ein
765 2016 2585 2230 und mir ist wohler zumute als dir."
4058 2065 6191 2230 Verbot zu erlassen, dass niemand mit Stie-
1172 2195 2909 2323 Ein leises Murmeln ging durch die
4052 2212 6296 2392 feln sein Revier betrete oder dass man he
765 2349 2903 2483 Hörerschaft. Adalbert Wogelein sass unbe-
4055 2363 4311 2460 he
4035 2403 6103 2545 nicht mehr als drei Knöpfe an der Weste
765 2460 2912 2636 weglich.Und trotzdem werde ich ihn frei -
4849 2485 6347 2656 vizie dank x, An ebenl Hegelln
4052 2596 6197 2707 tragen dürfe.Wellte jemand behaupten,dass
4138 2667 6191 2761 wo in zwölf is it in solch, tutet sic en
771 2639 2818 2810 sprechen,dachte er, mag daraus werden
2557 2724 2997 2835 John Klerk
4041 2758 6270 2858 auch ein solchs Verbot gehalten werden müs-
768 2758 2994 2958 was will..Bekennt Ihr Euch schuldig?“ frag-
4379 2830 6108 3000 un coule en toutes en boyer
4024 2872 4249 3080 so?
4388 2932 4905 3077 un irle
771 2955 1118 3196 te er.
4502 2960 6222 3222 „Solehe verbote wären allerdings
1135 3026 2773 3270 „Nein“,erwiderte Tobias Klenk.
2210 3194 2511 3319 Richt
4041 3134 6145 3381 ohne Sinn“ erwiderte Adalbert vollkommen
1135 3287 2983 3398 „So leugnet Ihr den Inhalt des pro¬
4030 3324 6060 3540 ruhig). -Aber schon die Annahme, dass ein
776 3412 2881 3549 tokolls,das soeben von des Herrn Oberjä-
4024 3438 6219 3686 Fürst solche Verbote erlassen könnte,bedeu-
768 3575 3057 3728 gersmeister Hand Ruch eben vorgelesen wurde?
4024 3589 6276 3811 tet eine Beleidigung und es erhebt sich die
1135 3722 2898 3862 „In den Tatsachen keineswegs, doeh
759 3853 2938 4058 stelle ich in Abrede, dass diese Tatsachen
3529 3822 4328 4058 et se puis-mois
