6712 4392
4112 178 6244 431 your Police. ...  .  For me trilfost et un
4379 264 6099 509 soll... das Händen und auf.. chef.
3499 309 3836 532 13.1923.
5860 387 6077 532 130
4398 437 5036 624 reil en est
724 507 1573 665 Ibe more in-
4162 546 6169 749 Agnes war fort, mit dem Herzog fort und
2586 576 2784 707 129
4173 707 6113 927 ob sie der Herzog schon heute in sein
874 718 2823 896 Wein einschenken? Nein, das durfte er
4170 835 6160 1080 Bett riss oder morgen oder nie,ihm war
877 855 2873 1072 in keinem Falle.) Er musste seine Rolle
4178 1008 6208 1242 sie verloren. Sie kam nimmermehr zurück.
885 1036 2931 1189 weiterspielen,die Rolle,in die der Her-
1141 1161 1581 1258 etre négevait
4192 1161 6166 1347 Und da sass der Tobias und glaubte, er,
877 1208 2887 1384 zog ihn gedrängt, oh nun aus Tücke oder
4190 1300 6222 1553 Adalbert Wogelein,sei s gewesen, der ihm
880 1319 2753 1509 aus Edelsinn oder nur aus Spielerei
2141 1428 3009 1551 for us, and
4192 1445 6096 1659 die Kerkertür wieder aufgetan. Ja,so
894 1520 2990 1681 das war nicht klar. We kannte sich indem
1537 1603 2803 1718 was nae de keel and pptsicht
4198 1606 6141 1796 stand es in diesem Augenblick, aber im
877 1662 2987 1832 Herzog aus? Das war ja derselbe Mensch,
4209 1729 6155 1954 n ächsten oder in einer Stunde konnte
894 1829 2853 1976 der nun eben mit Agnes davon gefahraa
2174 1912 2416 1999 to me
1189 1935 1634 2021 is ud den
4217 1932 6236 2130 ja der Tobias wissen,wie sich die Sache
896 1965 2929 2116 war. Das Blut stieg ihm(wieder) zu Kopf.
4220 2043 6266 2263 in Wirklichkeit verhielt. Und was dann
843 2105 2998 2316 (Agnes! Agnes! Vi-elleicht kommt sie doch
4223 2202 6202 2475 was dann? Es war keine Zeit zu verlie-
891 2288 2959 2416 wieder und findet den Tobias da mit ihm
4240 2338 6255 2625 ren. ( Aber was tun, was tun? Dass der To-
891 2427 2909 2617 am Tische sitzen und trinken und weiss
4240 2530 6272 2778 bias nur gekommen sein sollte,um seinen
908 2597 3018 2750 vielleicht schon vom Herzog, wie sich die
4237 2656 6236 2934 Dank auszusprechen, das konnte er nicht
888 2723 2881 2954 Sache verhält. Und was dann? Was dann?
4248 2803 6297 3087 glauben,da steckte was anderes dahinter.
896 2923 2987 3118 Er kam mit all dem nicht zurecht.Er war
4256 2959 6230 3201 Und das musste er zuerst heraus haben.
908 3121 2970 3282 so verstrickt von allen Seiten,dass es
4267 3118 6197 3360 „Wee ich s vor dem Herzog Verantworte
902 3296 2238 3449 ihm die Kehle/zuschnürte.
4281 3296 6197 3469 oder was ich sonst zu tun gedenke, ist
4251 3441 6166 3725 meine sache“, sagte er, „aber,wenn man
983 3471 3076 3744 Uren wie in de dort p recht - wenn
960 3633 2675 3881 will a têt. d 1st at
972 3733 3212 3995 ment jak?  Und a Euer in Herrs with
4036 3847 4423 3984 Wm
1052 3869 3238 4112 in uns die mit viehil....
