3336 4296
2404 500 2598 638 116
962 600 1244 727 diese
755 564 2653 829 alle seine Lügen, die (irgendwie ) Wahr
755 799 2714 1028 heit waren. (Denn er kannte) ja den Her
796 923 2747 1158 zog besser alsder sich selber kannte.
752 1119 2590 1274 der die Tugendmaske, die /er sich an
774 1233 2697 1412 schmiegte, für sein wirkliches Gesicht
774 1396 2869 1584 hielt oder es wenigstens den Leuten ein¬
766 1592 2706 1716 reden wollte, bis sich eben die echte
777 1747 2675 1896 Teufelsfratze zeigen würde. Und wenn
774 1846 2684 2020 der Herzog loh, warum sollte er,Adal
779 2006 2772 2170 bert, nicht auch lügen dürfen? Wenn der
771 2167 2775 2338 Herzog sich auf den edlen gütigen Für
788 2319 2628 2468 sten hinausshielte, warum sollte er
793 2485 2584 2675 nicht den ergebenenDiener spielen?
1354 2612 1642 2714 de nou
837 2650 2684 2789 Wie hatte er doch gesagt, als er mit
801 2816 2681 2968 dem infamen Weibsbild durch die Türe
793 2968 2761 3118 hinausspaziert war? „Wir wollen trotz
804 3068 2697 3281 dem hoffen, dass sich die Sache nicht
799 3256 2747 3402 durchaus zu Euerem Nachteil aufklärt.
793 3433 2695 3554 Das war schlau vorgebaut,denn er, der
799 3582 2656 3706 Herzog, konnte sich wohl denken, dass
807 3679 3029 3875 Agnes nichts sonderlich xxx Gutes über
807 3858 2592 4082 Gatten reden werde, den sie hinter
