3240 4184
2398 492 2581 652 148
710 601 2657 832 gefunden als in Euerer Ehe. Doch denke
698 799 2649 992 ich, nachdem, was ich eben erfahren, dass
698 979 2626 1119 Ihr Euere Rechtskenntnisse besser an
746 1089 2659 1289 Dingen werdet erweisen können, wo mehr
683 1228 2662 1446 Schlauheit als Mut vonnöten ist. Und so
690 1421 2616 1591 werde ich dahin wirken, dass Euch eine
708 1583 2662 1720 Stellung am Reichsgericht von Wetzlar
1048 1665 2124 1758 at Adiam. Veremnit
690 1746 2472 1913 angewiesen werde. Was nunØfreilich
688 1863 2614 2033 Euer Vergehen anbelangt, das Ihr Euch
703 2043 2515 2192 durch die Freilassung des Tobias zu
728 2170 2616 2352 Schulden kommen liesset;so wollen
690 2312 2553 2520 wir es durch die Angst.die Ihr ausge¬
695 2461 2659 2634 standen, als gesühnt erachten. Ihr aber,
690 2642 2464 2806 Tobias Klenk, mögt vor allem dahin
678 2781 2700 2959 aufgeklärt sein, dass die zwei Menschen,
678 2949 2718 3111 da draussen, von denen Ihr Euch verfolgt
1675 3035 2378 3141 mit leist wird 8r
2532 3060 2723 3235 w
693 3065 2510 3251 wähnt,beauftragt waren Euch vor mir
769 3212 1091 3306 in Caivl
683 3233 2484 3433 zu bringen. Ich will nicht eben sa¬
764 3385 2616 3570 en, dass Ihr mir wohl gefallt,aber da
685 3433 782 3555 £
693 3540 2510 3733 Ihr doch zu sonst nichts taugt,Euch
2284 3657 2472 3753 will
688 3707 2718 3923 aber das Jagen Spass macht, so werde ich
