6712 4488
2502 663 2698 809 101
188 690 525 862 26/2.23
729 770 2841 1016 Menschen.Dergleichen Subjekte sind nicht
732 964 2841 1171 ernst zu nehmen. sie bedeuten nichts für
2286 1063 2571 1165 autres
751 1146 2908 1328 sich allein. Innerhalb einer Jasse können
746 1295 2841 1483 sie wohl gefährlich werden. Aber hier zu
757 1441 2968 1665 lande gibts ja dergleichen Exemplare nicht
826 1560 2717 1798 vid und es besteht wenig gefahr,dass
776 1770 2800 1952 die Ansichten, die der närrrische Mensch
826 1911 2977 2123 vor Gericht zum Besten gab, bei meinen ru
2032 2021 2231 2118 gin.
1411 2024 1856 2129 seuille,
776 2068 2734 2275 higen wohlgesinnten Bürgern Widerhall
848 2184 2750 2408 fänden.-Denkt Ihr nicht,Herr Richter
845 2394 1831 2576 Adalbert Wogelein?"
1273 2502 3021 2687 „Hiefür, herzogliche Gnaden, glaube
798 2656 2966 2874 ich gleichfalls mich verbürgen zu können.
812 2839 2908 3024 Freilich,wenn dero untertänigsten Diener
2629 2899 2960 2988 all i
870 2960 2985 3170 eine Bemerkung verstattet ist- „Sprecht
864 3142 3040 3336 nur frei (ven der Leberweg), Herr Richter",
828 3289 3021 3518 „Für so völlig ungefährlich auch als Ein-
870 3429 2847 3631 zelperson vermag ich den Tobias Klenk
878 3595 2999 3833 nicht zu halten, wie doch wohl auch sein
845 3733 3013 3929 Verhalten gegen den Herrn Oberjägermeister
892 3891 3076 4120 und sein Betragen vor Gericht, überdies in
5804 505 5986 682 102
3932 685 6025 983 Gegenwart des allergnädigsten Herzogs ge
5114 953 5470 1071 er tat
4001 928 4592 1080 zeigt hat.“
4269 980 6138 1226 „Nun, Ihr scht doch, dass es ihm nicht
4012 1151 6044 1375 gelang irgendwas Uebles anzurichten und
3960 1331 6094 1521 es wird solchen Subjekten in unserem Land
6174 1342 6390 1486 you
6188 1452 6412 1590 heve
4009 1480 6108 1665 niemals gelingen, so lange ich so tüchtig
3965 1615 6171 1822 Jäger und nichter finde, als eben in meinen
4023 1803 4918 2013 Diensten stehen).
4283 1897 6089 2110 Adalbert Wogelein fühlte den Blick
5039 2049 5271 2165 grop
4048 2085 6127 2292 seiner Frau immer weiter und starrer auf
4040 2223 6100 2446 sich gerichtet und er wünschte, dass der
3990 2408 6202 2576 Herzog noch möglichst lange hier verweile.
3554 2353 3946 2560 S. 10
4067 2540 6207 2745 Denn nichts flös ste ihm schlimmere Angst
4067 2695 6064 2872 ein, als die Vorstellung des Moments,in
4018 2839 6238 3048 dem er mit Agnes wieder allein sein würde.
4031 2999 6243 3239 Er musste um alles in der Welt noch irgend
4034 3192 6149 3388 ein Wort finden, um alle Lügen, die er ihr
4031 3316 6080 3510 erzählt,als erklärlich, als notwendig,ja
4031 3468 6155 3730 womöglich als Wahrheit erscheinen zu las-
4040 3623 6160 3893 sen Beinahe wünschte er, dass all das,was
4062 3764 6246 4029 der Herzog gesprochen, sein Benehmen, nichts
