3224 4232
245 464 2756 687 En  Ekd is in with a feis his son.
292 633 2583 850 so willen Er hin fuer, der er sich
298 768 2586 1031 justicutie ou tres pour an¬
455 959 2470 1172 I am in A
486 1176 2339 1320 hat er recht. un uitat u ils
455 1270 2467 1483 abut..    lui guerre elle:-
658 1433 2803 1649 Wei-in- Rerne heim M
1605 1608 2818 1809 er war es nicht
436 1630 1577 1859 nach gelas Waff
401 1809 2596 2041 ein. .  Rehler   auch im
326 1963 2709 2220 am Blich in Würde ergeben
1044 2163 1796 2379 [illegible]
458 2207 1138 2495 schaften
718 2329 2843 2593 9. Aus wem th samit. Sept
382 2524 2903 2806 (will onder türb fern. at ihs.
455 2784 2389 2947 ben können es in gehen
583 2925 2420 3226 Bouern auf beschlossen,
586 3091 2931 3292 in of 1 his... It recd St Leben
683 3260 2126 3536 and [illegible] in the
630 3496 1740 3728 n. tres les jours
