6552 4168
2513 434 2753 651 21 l
397 621 2884 821 Memel aber hatte sie, (da sich (in den etrassen) kaum
604 784 2807 1011 ja blichen liess, von seiner Anwesen -
864 914 2723 1135 heit überhaupt erst durch den Vater
1001 1078 1365 1178 venu me
901 1081 2703 1265 erfahren, der, eines Morgens als der
884 1225 2757 1455 Schwiegersohn berdits das Haus ver-
911 1365 2830 1599 lassen, geraten fand, die Tochter von
911 1519 2824 1746 gewissen bedenklichen, geradeau hoch
908 1695 2837 1899 varnäterischen Aeusserungen zu unter-
2103 1802 2827 1959 au cortangouge,
901 1852 2743 2043 richten, die ihr Gatte erst gestern
901 1986 2840 2176 Abend, offenbar unter dem gefährlichen
901 2159 2753 2326 Einfluss des kürzlich heiggekehrten
918 2326 2797 2463 al-ten Freunds und diesen noch über -
908 2436 2900 2627 bietend im Wirtshaus getan und die aus
908 2613 2860 2793 dem wund eines richtlichen Beamten ge
1415 2740 2033 2854 es ungeteniglich
924 2720 2877 2937 radezu unbegreiflich geklungen hatten.
941 2870 3111 2984 int allerles erannturtheile, wie auch selveres zu Folge teilte
728 2977 3141 3091 /A- Hatte der Herzog selbst auch vor sehn
908 3054 2807 3234 Tagen das Zeitliche gesegnet,die-Ge-
911 3204 2753 3381 setze hatten darum nicht ihre Maght
2136 3274 3087 3441 Comrs in Civil and
931 3394 2904 3554 verloren, der herzogliche Conseil hielt
851 3524 2944 3685 nach wie vor seine Sitzungen im Schloa-
1565 3641 2683 3745 Hofernachenstr. verkauft.
1282 3665 1502 3745 Devenir
200 3655 1188 3905 Dass Vermehrung xxx
2196 3675 2874 3851 neuen Herzogs-
928 3695 1665 3892 so und die püe¬
1682 3835 1909 3985 D. A. S.
991 3811 1268 4012 *
4102 447 6371 714 wandte sich nach ihr um und bemerkte, xxx
3678 671 6034 811 rühre, daß 6 10 wohl wissen solle, bei sol-
4095 794 6134 948 chen historisch politischen Betrachtung
4315 928 5317 1061 tweil die Leitung
5337 924 6168 1078 ce 1e: nous: de
4095 958 5997 1131 gen/über seine eigene Person und die
4252 1085 5527 1175 im Vermordung und Freunde
4088 1108 6144 1312 Schicksale im engeren Umkreis weit hi -
4616 1248 4933 1348 chenen
4095 1298 6285 1472 haus zu blicken pflege, dass es aber,
5834 1395 6071 1492 was
4876 1405 5240 1492 nächsten
3451 1415 6134 1605 mannken kam / auch in ihrer Nähe keineswegs soltreff-
3468 1559 3838 1732 &c.
4095 1562 6131 1759 lich bestellt sei, wie sein Gattin an-
5397 1702 5670 1796 guave
4225 1709 4542 1802 decting
4088 1725 6044 1896 zunehmen beliebe und wie er in seiner
4476 1859 4866 1966 a R U
4088 1879 5964 2089 gerichtsamtlichen Tätigkeit, die ihm
5213 2026 5403 2113 die
5727 2016 6138 2206 smark
4102 2016 5831 2223 tiefere Einblicke in das Dasein
4155 2183 5323 2286 verlesche uns auch in ererle-
4108 2173 6074 2360 Volkes gewähre,wohl zu beurteilen ver-
5247 2316 5821 2420 wihr herbst
4879 2320 5143 2420 in a
4502 2330 4809 2426 Übrzev
4078 2340 6034 2520 möge. Ueberdies finde er es sonderbar,
4072 2526 6004 2713 dass Agnes von der Schmach nichts zu
4085 2643 6094 2824 wissen sich anstelle, die sich in ihrer
4095 2797 6001 3020 nächsten Nähe so lange breit gemacht
4088 2940 6064 3194 habe und unvermittelt kündigte er die
4095 3114 5997 3304 Zeit als nahe, in der das Schloss Ka-
4095 3264 6104 3468 rolslust, das durch Jahrzehnte so viele
4102 3444 6184 3641 Jungfrauen und ehrbare Frauen verschlim_
4102 3574 6128 3775 gen habe, unter ihnen die braven Sohnes-
4075 3751 6144 3922 tern seines alten Freundes Tobias Klenk
