6760 4440
6293 230 6449 410 26
5579 287 5738 435 a
3764 318 6258 552 is shalbles... all come vuplung gab da, etc if I
6258 382 6452 584 No 2.
3693 485 6276 768 Gesländnis gary pufellt deruf angelegt
322 637 2872 1051 nal de m offebou Stalbestand, wenn
3647 651 6353 966 geweres sei, aus Gründen, eben mit für eine
3644 853 6353 1118 Weile hinter der Kerker Gef & gefangen
269 838 2890 1182 es nicht möglich gewesen, den Johan
3633 1079 6364 1330 is here to see her in Colman
276 1051 2901 1443 Kleich jed a Stift zu ertheben; - und ob
329 1252 3046 1645 ihn die mich keine oder 1ed ½ sel.
3714 1252 6152 1546 verschienen. Wo er will Adelbert is
301 1397 2996 1840 twele Shlop. Rupl peert, das mai,
3668 1454 6385 1740 an den ihn Adalbert zugelegen
322 1592 2802 2041 Tohas zu lassen haben ld in the is
3707 1659 6169 1985 teil entlassen. En conclut et deux
393 1794 2795 2200 Anschées in Söha i bœchentaise
2473 1910 2872 2062 7 Février
3690 1843 6304 2154 Wittul in gefouque in toute de
386 2016 2837 2384 Wid, aif gleiche hinaon. - Er kann
3725 2013 6300 2430 Gefangnissar der zu verschreiben... I.
336 2190 2611 2653 Agne gegenüber telle er nicht berührt.
3707 2250 6191 2639 Je,  de Tohia juge Belège et
393 2406 3014 2862 dép er de Tohas été un dern Jelle rolles
3683 2451 6530 2890 sreicht man so xxx in Anwesent
371 2568 2989 3081 soe werde ausgeter lassen. - aber in
4687 2703 4974 2862 tell
3693 2742 6329 3039 de Turke wa is at elle heper
424 2826 3000 3240 selbt wa j ube deen Christ de falle
3937 2940 5133 3113 albe itaue sind in
2200 2950 3081 3159 es was a self-glaub
3658 2940 6184 3318 thearlt gewin, of me fortee
435 3092 2805 3467 heft unteelt herum, nur in einer
4790 3205 4967 3297 I am
3640 3184 6389 3506 Re a été  isatellis gehenir
407 3336 3025 3679 ne nu uilort onfalbine, wli ce & her
3679 3421 6060 3654 Citr thee datule mill in de
368 3477 2837 3966 willterl Knech, daß der Thias
3665 3559 6265 3951 Muel et un peu Ch M dahin
470 3785 2894 4149 je s'aduis. été fort à de
