3448 4328
2579 427 2764 583 115
796 497 1218 744 a be in
900 632 2808 828 der Frau Hofjägermeisterin,es war ja
911 778 2871 986 doh nicht auf lanze, der Herzog würde
2504 854 2907 981 erfüllen.
1806 887 2137 1002 Verlangen
929 908 2769 1122 ihrem sehnlichen Wunsch bald nachge
937 1096 2925 1317 ben und sie zum Gartenmägdlein nehmen.
937 1247 2678 1418 Nicht lang? Heute noch,in dieser
942 1387 2946 1577 Stunde vielleicht, im Park, in irgend ei
937 1556 2951 1718 ner dunklen Allee erreichte das nieder
953 1697 2904 1871 trächtige Weib von dem Herzogawas sie
953 1850 2699 2033 nur wollte.) Solch ein Narr war er
953 2020 2826 2215 nicht, der Herzog, dass er nicht nahm
2420 2116 2550 2199 de
971 2194 2709 2340 was man so bereitwillig ihm anbot
2160 2225 2967 2350 her in, we will
979 2288 2087 2371 Hend Nacht in de Ma2an.....
966 2342 2865 2475 Udd es wäre ja auch so gekommen.wenn
1359 2347 1608 2415 saille —
986 2485 2858 2675 Adelbert ihr nicht den Vorwand gegen
963 2626 2936 2829 —ben. Schon im Augenblick, als der Her¬
981 2764 2969 3029 zog durch diese Tür geschritten war,
989 2881 2980 3115 heute morgen schon,„ls er vorüberfuhr,
989 3089 2930 3279 hatte sie sich ihm mit Herz und Sin-
1975 3185 2891 3292 er.. Av. selle es ja jegenil
1049 3253 3139 3459 nen hinggeben »nd nur weil er,Adal-
1012 3388 3014 3581 bert, das gespürt, Wut und Ekel, hatte er
1142 3545 1793 3633 all de un
1051 3524 3037 3755 all das Zeug über den Hrzog geschwatzt
1025 3693 3011 3917 densinn, der doch tifen Einne voll,
