6584 4184
656 386 2932 734 & in sei beschlebt, in sie
1928 603 2680 840 forte in
900 603 1900 854 an nicht beworz.
1648 759 1900 883 the
791 791 2843 1017 Merlei et deux faisant teil
815 922 2978 1188 geneigt itin, hoffte jul m
900 1102 2992 1358 Ogales & A Rosse bin, do it
861 1290 3045 1613 gelweit gebeilt Eren dem Storben¬
911 1471 2953 1705 Buegheil tenl jusli  ƒ
982 1645 2978 1850 bell; him i am plagtent
971 1772 2822 2049 a u la publut de vie
932 1907 3063 2255 am wenzeln unerleb, ents
950 2209 2918 2400 und plösbert mit einer
950 2322 3095 2637 verallogne la deli; al tout
978 2531 2992 2762 et du aigla fallu at elle.
1042 2715 2999 3024 Tuberbert gemegt, in ob
1071 2857 3159 3187 Wint Echbar, and - it Iullen
1032 3105 2974 3368 hindend, fortat Joach,
1102 3233 2925 3584 worffe Nach, Stort¬
1138 3453 2793 3765 2.we wil a hat on.
1280 3676 2205 3995 in the
3435 280 3910 461 (c. s. ci)
3382 578 6041 911 Nach zwei und dreifsigzeitiges Regierung, in St. Sch.
5881 812 6158 961 Real.
3357 812 6200 1092 seines Leben starb de Herzog in Synowyn, Cungart
3382 1000 5495 1188 Ebehand der 16. e wei plötzlicher Tor inne
5704 1053 6335 1266 duce Stunde
3435 1163 6165 1347 m de Residenz kann eine halbe an den Ehrhaft leidswart
3417 1255 5686 1457 Jogdichlossten (Carolstait), das im Volké de
4952 1354 5427 1475 been tolt
3393 1358 6087 1634 in Haus der Gartenmäßten nie ein Jazschlorschen
3371 1535 6136 1783 his hiep, das drei Wagenständen in de Residenz un
3357 1687 5917 1950 kerin in halbe von dem leidlich. schlicher Frau
3393 1879 6009 2166 Alschaft Carolswerkt in part. Seines Noms.
3354 2109 6119 2315 burg is d'her, daß sich darin die dann gebetten
3538 2255 5608 2393 her vorlicher Zivil nicht über die
3368 2329 5931 2570 Mädcher, dets 12-14 on der fehl, soch zwar
3389 2549 6239 2744 nieuwel jureits der Schlopmance i Gaulès waren
3410 2708 5839 2964 unterhalb des Schlosses und des zusammen
3424 2857 5910 3162 Parher alle Betrylichkeit und xxxx
3417 3088 5902 3375 Unbeihänkther gewonnen aber in
4821 3190 6328 3446 viehe dien unsichte Frau
3400 3304 5959 3552 allgemeinen wir den noch ein fre¬
5388 3485 6044 3683 entfave
3371 3485 5949 3772 telle Bezirk mir in den Fall verlehren
3378 3697 6009 3942 dürften, wenn sie viel bei angedohlen heil.
