6792 4280
3662 367 4031 588 14/12.22
6111 456 6261 578 46
2898 392 3063 609 45
4318 509 6355 756 (Von diesem an sich unerheblichen Fall
1031 578 3033 784 diese zugesteht, so wird es dem Richter
4410 766 6386 919 in dem mancherlei verwickelte Probleme
1049 746 3002 914 Adalbert Wogelein wohl gestattet sein
2210 891 2516 996 meul
738 904 1350 1052 semerseits un
4387 919 6302 1080 des Rechts und der Politik verborgen
1036 909 3071 1069 die Frage aufzuwerfen, mit welchem Recht
4385 1080 6338 1250 liegen von dem Gericht, das ich morgen
1036 1057 2959 1248 der Herzog diesen Wald und das darin
4390 1199 6226 1342 halte,wird möglicherweise eine neue
1049 1207 3048 1411 hausende Vieh als sein alleiniges Ein -
453 1207 980 1398 ob as uilie
4397 1388 6271 1520 Epoche für unser Vaterland ausgehen
420 1383 983 1518 at in Vutrucher
1054 1365 3094 1546 gentum ansprechen darf. Und falls er di¬
5268 1474 6251 1574 wee wort die te hilrois.
4469 1482 5115 1556 es voll „ nie es sehr zu
372 1510 937 1645 gille durft en
4397 1548 6327 1703 und tut mir eines leid,so ist es,dass
1041 1512 3066 1683 ses Recht nachweisen kannkob es angeht,
313 1630 901 1757 in an tifil.
4367 1688 6312 1831 der Prozess inunserem kleinen Städt-
1054 1658 3081 1836 auf einen blossen Verdacht hin einen Bür
288 1721 950 1866 for ceine the the
318 1833 970 1996 in Retent
4382 1864 6218 1986 chen und nicht in der Residenz oder
1054 1810 3015 1994 ger von Karolsmarkt in Verhaft zu neh-
321 1933 497 2113 with
4380 1989 6279 2116 besser noch vor dem Reichsgericht in
1049 1968 3022 2149 men, ihm die Flinte zu konfiszieren und
4367 2152 6231 2348 Wetzlar wird verhandelt werden. Mich
1049 2131 3089 2309 mit Handschallen ins Gefängnis abzühren
2231 2271 2488 2396 nelckes
4367 2289 6261 2503 aber wundert ‘s“,sagte Agnes, dass der
1049 2297 2969 2493 zu lassen und ob nicht dem Manne der
4377 2462 6177 2628 Verwalter mit Tobias Klenk so viel
1036 2444 3015 2620 Poozess zu machen wäre, der sich eines
4367 2579 6218 2752 Federlesens gemacht hat und ihn ans
1059 2602 2966 2760 solchen frechen Uebergriffe schuldig
4354 2775 6248 2898 Gericht zu ordentlicher Rechtsspre-
1057 2750 3073 2926 gemacht hat. „Dies alles willst du sa¬
4362 2882 6315 3084 chung hat abliefern lassen,während er
1041 2903 3015 3096 gen?" „Dies und noch viel mehr und es
4362 3043 6172 3236 doch sonst dergleichen aus eigener
1049 3056 2859 3229 soll dafür gesorgt sein, dass ein
4336 3206 6192 3351 Machtvollkommenheit und in anderer
1036 3196 2910 3404 genaues Protokoll aufgenomma werden
4331 3348 6378 3527 Weise zu erledigen pflegt.“ „Du meinst,
1049 3361 2923 3539 von jedem Wort, das ich spreche.Denn
4362 3516 6195 3712 Agnes,es hätte dem Herrn Verwalter
1041 3504 3063 3687 merke wohl, von diesem Gericht, das Ich
1711 3662 2236 3776 may hille. It
4354 3623 6394 3908 eher ähnlich gesehen, wenn er den Tobias
1041 3674 3071 3893 morgen halte, soll eine neue Epoche aus
4418 3919 4741 4097 V. F. P.
