<?xml version="1.0" encoding="UTF-8" standalone="yes"?>
<PcGts xmlns="http://schema.primaresearch.org/PAGE/gts/pagecontent/2013-07-15" xmlns:xsi="http://www.w3.org/2001/XMLSchema-instance" xsi:schemaLocation="http://schema.primaresearch.org/PAGE/gts/pagecontent/2013-07-15 http://schema.primaresearch.org/PAGE/gts/pagecontent/2013-07-15/pagecontent.xsd">
    <Metadata>
        <Creator>prov=READ-COOP:name=TrHtr:version=2.1.0:model_id=51170:date=14_08_2023_15:01</Creator>
        <Created>2023-05-10T14:17:52.191+02:00</Created>
        <LastChange>2023-08-14T15:01:37.688+02:00</LastChange>
        <TranskribusMetadata docId="1428610" pageId="55418496" pageNr="110" tsid="132809700" status="IN_PROGRESS" userId="64420" imgUrl="https://files.transkribus.eu/Get?id=HMBOPVRLIGMBDFLNWGKHEQHC&amp;fileType=view" xmlUrl="https://files.transkribus.eu/Get?id=XVSEOZEIREUODMGQZBCDNDYD" imageId="44692600"/>
    </Metadata>
    <Page imageFilename="1428610_0110.jpg" imageWidth="3480" imageHeight="4344">
        <ReadingOrder>
            <OrderedGroup id="ro_1711787634299" caption="Regions reading order">
                <RegionRefIndexed index="0" regionRef="tr_1"/>
                <RegionRefIndexed index="1" regionRef="tr_2"/>
            </OrderedGroup>
        </ReadingOrder>
        <TextRegion id="tr_1" custom="readingOrder {index:0;}">
            <Coords points="892,493 2860,493 2860,2090 892,2090"/>
            <TextLine id="tr_1_tl_1" custom="readingOrder {index:0;}">
                <Coords points="2002,572 2020,572 2032,562 2057,582 2101,579 2124,587 2153,572 2178,587 2198,579 2198,438 2124,458 2099,446 2079,455 2002,448"/>
                <Baseline points="2015,546 2060,546 2104,543 2149,543 2194,546 2203,546"/>
                <TextEquiv>
                    <Unicode>Sir</Unicode>
                </TextEquiv>
            </TextLine>
            <TextLine id="tr_1_tl_2" custom="readingOrder {index:1;}">
                <Coords points="2376,621 2433,611 2463,624 2487,606 2520,599 2527,609 2547,609 2552,502 2515,495 2492,505 2475,502 2443,525 2413,507 2381,510"/>
                <Baseline points="2391,588 2421,588 2466,585 2510,582 2555,582"/>
                <TextEquiv>
                    <Unicode>141</Unicode>
                </TextEquiv>
            </TextLine>
            <TextLine id="tr_1_tl_3" custom="readingOrder {index:2;}">
                <Coords points="1440,644 1490,626 1515,644 1579,636 1611,658 1676,626 1715,646 1817,626 1817,488 1693,544 1616,535 1557,552 1525,532 1487,542 1465,522 1440,522"/>
                <Baseline points="1453,603 1465,603 1510,603 1555,600 1600,603 1645,606 1689,603 1734,606 1779,600 1824,600"/>
                <TextEquiv>
                    <Unicode>u.</Unicode>
                </TextEquiv>
            </TextLine>
            <TextLine id="tr_1_tl_4" custom="readingOrder {index:3;}">
                <Coords points="876,898 1636,807 2237,839 2822,742 2829,646 889,725"/>
                <Baseline points="892,850 904,847 949,847 994,844 1038,841 1083,838 1128,835 1173,832 1218,829 1262,827 1307,824 1352,824 1397,821 1442,821 1486,818 1531,812 1576,806 1621,803 1665,800 1710,797 1755,794 1800,791 1845,785 1889,782 1934,782 1979,779 2024,776 2068,773 2113,767 2158,764 2203,761 2248,758 2292,758 2337,755 2382,752 2427,752 2472,746 2516,740 2561,737 2606,737 2651,731 2695,725 2740,722 2785,719 2830,719"/>
                <TextEquiv>
                    <Unicode>umso eher,je höher du steigst du sel-</Unicode>
                </TextEquiv>
            </TextLine>
            <TextLine id="tr_1_tl_5" custom="readingOrder {index:4;}">
                <Coords points="923,1030 1487,980 1839,1025 2037,950 2128,995 2720,898 2725,812 2007,874 1814,834 1238,936 931,906"/>
                <Baseline points="940,1000 979,1000 1024,997 1068,994 1113,991 1158,988 1203,985 1247,982 1292,979 1337,976 1382,973 1427,970 1471,967 1516,964 1561,961 1606,958 1651,955 1695,949 1740,949 1785,946 1830,943 1874,940 1919,937 1964,931 2009,931 2054,928 2098,925 2143,922 2188,922 2233,919 2277,916 2322,916 2367,904 2412,901 2457,901 2501,895 2546,892 2591,889 2636,886 2681,883 2725,883"/>
                <TextEquiv>
                    <Unicode>ber am ersten Adalbert. - „Hältst</Unicode>
                </TextEquiv>
            </TextLine>
            <TextLine id="tr_1_tl_6" custom="readingOrder {index:5;}">
                <Coords points="891,1166 1502,1124 1703,1168 1898,1104 2628,1069 2683,985 1651,997 1458,1069 1297,1017 1114,1096 896,1096"/>
                <Baseline points="907,1155 940,1158 985,1155 1030,1155 1074,1152 1119,1146 1164,1143 1209,1140 1253,1137 1298,1131 1343,1128 1388,1125 1433,1122 1477,1119 1522,1119 1567,1113 1612,1110 1656,1107 1701,1104 1746,1101 1791,1101 1836,1098 1880,1095 1925,1092 1970,1089 2015,1086 2060,1083 2104,1077 2149,1071 2194,1068 2239,1068 2283,1062 2328,1062 2373,1059 2418,1056 2463,1053 2507,1050 2552,1047 2597,1041 2642,1038 2687,1038"/>
                <TextEquiv>
                    <Unicode>du mich für einen Schuften? schrie</Unicode>
                </TextEquiv>
            </TextLine>
            <TextLine id="tr_1_tl_7" custom="readingOrder {index:6;}">
                <Coords points="2128,1163 2168,1166 2178,1181 2188,1171 2203,1171 2213,1163 2232,1178 2247,1178 2257,1101 2242,1101 2240,1096 2230,1106 2220,1099 2203,1099 2195,1089 2185,1094 2176,1089 2163,1099 2153,1094 2148,1099 2136,1096"/>
                <Baseline points="2143,1152 2167,1152 2212,1146 2257,1140"/>
                <TextEquiv>
                    <Unicode>dit</Unicode>
                </TextEquiv>
            </TextLine>
            <TextLine id="tr_1_tl_8" custom="readingOrder {index:7;}">
                <Coords points="903,1332 1631,1329 1935,1247 2185,1314 2393,1223 2685,1208 2690,1136 911,1223"/>
                <Baseline points="916,1313 946,1313 991,1307 1035,1304 1080,1304 1125,1298 1170,1295 1215,1292 1259,1289 1304,1286 1349,1283 1394,1280 1439,1277 1483,1277 1528,1274 1573,1271 1618,1271 1662,1268 1707,1265 1752,1259 1797,1253 1842,1250 1886,1247 1931,1244 1976,1241 2021,1236 2066,1236 2110,1233 2155,1230 2200,1227 2245,1224 2289,1218 2334,1215 2379,1212 2424,1212 2469,1203 2513,1200 2558,1200 2603,1197 2648,1194 2692,1194"/>
                <TextEquiv>
                    <Unicode>Adalbert auf, so bist du nicht wert</Unicode>
                </TextEquiv>
            </TextLine>
            <TextLine id="tr_1_tl_9" custom="readingOrder {index:8;}">
                <Coords points="911,1490 2341,1369 2589,1423 2732,1356 2844,1416 2854,1272 2633,1292 2549,1223 2374,1304 1809,1289 1146,1406 918,1384"/>
                <Baseline points="925,1477 928,1477 973,1471 1018,1462 1062,1456 1107,1456 1152,1453 1197,1450 1241,1448 1286,1445 1331,1442 1376,1439 1421,1436 1465,1433 1510,1430 1555,1427 1600,1424 1645,1418 1689,1415 1734,1412 1779,1409 1824,1403 1868,1400 1913,1397 1958,1397 2003,1394 2048,1391 2092,1388 2137,1385 2182,1385 2227,1382 2272,1376 2316,1373 2361,1370 2406,1367 2451,1361 2495,1358 2540,1355 2585,1352 2630,1349 2675,1346 2719,1346 2764,1340 2809,1340 2854,1343"/>
                <TextEquiv>
                    <Unicode>gewesen, was ich für dich getan und es</Unicode>
                </TextEquiv>
            </TextLine>
            <TextLine id="tr_1_tl_10" custom="readingOrder {index:9;}">
                <Coords points="918,1624 2822,1542 2829,1406 2220,1500 2064,1455 926,1517"/>
                <Baseline points="934,1621 949,1621 994,1615 1038,1612 1083,1609 1128,1606 1173,1603 1218,1600 1262,1597 1307,1594 1352,1591 1397,1588 1442,1588 1486,1582 1531,1582 1576,1576 1621,1573 1665,1573 1710,1570 1755,1567 1800,1564 1845,1561 1889,1558 1934,1552 1979,1549 2024,1549 2068,1546 2113,1543 2158,1543 2203,1540 2248,1534 2292,1531 2337,1525 2382,1519 2427,1516 2472,1513 2516,1507 2561,1504 2606,1504 2651,1498 2695,1495 2740,1492 2785,1492 2830,1492"/>
                <TextEquiv>
                    <Unicode>bleibt mir nichts übrig,als auf dei</Unicode>
                </TextEquiv>
            </TextLine>
            <TextLine id="tr_1_tl_11" custom="readingOrder {index:10;}">
                <Coords points="945,1832 2463,1668 2817,1728 2826,1589 955,1713"/>
                <Baseline points="964,1782 991,1779 1035,1770 1080,1770 1125,1770 1170,1767 1215,1758 1259,1755 1304,1752 1349,1746 1394,1743 1439,1740 1483,1737 1528,1734 1573,1731 1618,1728 1662,1728 1707,1722 1752,1719 1797,1716 1842,1710 1886,1710 1931,1704 1976,1704 2021,1701 2066,1695 2110,1695 2155,1692 2200,1686 2245,1683 2289,1680 2334,1677 2379,1671 2424,1671 2469,1665 2513,1662 2558,1659 2603,1659 2648,1656 2692,1656 2737,1654 2782,1654 2827,1651"/>
                <TextEquiv>
                    <Unicode>nen Dank zu speien und dich des Wegs</Unicode>
                </TextEquiv>
            </TextLine>
            <TextLine id="tr_1_tl_12" custom="readingOrder {index:11;}">
                <Coords points="940,1935 2153,1896 2784,1827 2856,1742 945,1859"/>
                <Baseline points="955,1934 979,1928 1024,1925 1068,1922 1113,1919 1158,1916 1203,1910 1247,1910 1292,1904 1337,1901 1382,1895 1427,1895 1471,1892 1516,1889 1561,1886 1606,1883 1651,1880 1695,1877 1740,1874 1785,1871 1830,1868 1874,1865 1919,1862 1964,1862 2009,1860 2054,1851 2098,1848 2143,1848 2188,1842 2233,1842 2277,1836 2322,1833 2367,1830 2412,1824 2457,1821 2501,1821 2546,1815 2591,1812 2636,1809 2681,1806 2725,1803 2770,1800 2815,1797 2860,1794"/>
                <TextEquiv>
                    <Unicode>zu schicken, den du gekommen. Oder vid</Unicode>
                </TextEquiv>
            </TextLine>
            <TextLine id="tr_1_tl_13" custom="readingOrder {index:12;}">
                <Coords points="948,2111 2334,2052 2529,1978 2831,2007 2859,1869 955,1985"/>
                <Baseline points="964,2080 976,2080 1021,2077 1065,2074 1110,2071 1155,2071 1200,2066 1244,2063 1289,2057 1334,2054 1379,2051 1424,2048 1468,2045 1513,2045 1558,2042 1603,2039 1648,2036 1692,2030 1737,2027 1782,2024 1827,2021 1871,2021 1916,2018 1961,2012 2006,2012 2051,2006 2095,2006 2140,2003 2185,1997 2230,1994 2275,1991 2319,1988 2364,1988 2409,1982 2454,1979 2498,1976 2543,1973 2588,1967 2633,1967 2678,1964 2722,1961 2767,1958 2812,1955 2857,1952"/>
                <TextEquiv>
                    <Unicode>mehr einen anderen, der dich so rasch</Unicode>
                </TextEquiv>
            </TextLine>
        </TextRegion>
        <TextRegion id="tr_2" custom="readingOrder {index:1;}">
            <Coords points="979,2060 3006,2060 3006,3959 979,3959"/>
            <TextLine id="tr_2_tl_1" custom="readingOrder {index:0;}">
                <Coords points="963,2275 2809,2136 2817,2054 1448,2094 1225,2161 973,2116"/>
                <Baseline points="979,2236 982,2236 1027,2233 1071,2233 1116,2230 1161,2227 1206,2221 1250,2221 1295,2215 1340,2215 1385,2209 1430,2206 1474,2203 1519,2200 1564,2194 1609,2191 1654,2191 1698,2185 1743,2185 1788,2179 1833,2176 1877,2173 1922,2170 1967,2167 2012,2164 2057,2158 2101,2155 2146,2152 2191,2149 2236,2146 2280,2146 2325,2140 2370,2140 2415,2134 2460,2131 2504,2128 2549,2125 2594,2122 2639,2119 2684,2113 2728,2110 2773,2110 2818,2110"/>
                <TextEquiv>
                    <Unicode>als möglich aus dem Bereich der her</Unicode>
                </TextEquiv>
            </TextLine>
            <TextLine id="tr_2_tl_2" custom="readingOrder {index:1;}">
                <Coords points="970,2421 2807,2302 2814,2203 978,2309"/>
                <Baseline points="985,2394 1024,2388 1068,2385 1113,2382 1158,2379 1203,2376 1247,2373 1292,2367 1337,2364 1382,2364 1427,2358 1471,2355 1516,2352 1561,2346 1606,2346 1651,2340 1695,2340 1740,2337 1785,2334 1830,2331 1874,2328 1919,2325 1964,2319 2009,2316 2054,2316 2098,2313 2143,2310 2188,2307 2233,2304 2277,2298 2322,2298 2367,2292 2412,2289 2457,2286 2501,2283 2546,2280 2591,2275 2636,2272 2681,2269 2725,2266 2770,2263 2815,2263"/>
                <TextEquiv>
                    <Unicode>zoglichen Gewalt führt, wo du deines</Unicode>
                </TextEquiv>
            </TextLine>
            <TextLine id="tr_2_tl_3" custom="readingOrder {index:2;}">
                <Coords points="975,2567 2913,2450 2970,2386 2485,2339 2279,2413 983,2448"/>
                <Baseline points="991,2546 1000,2546 1044,2543 1089,2537 1134,2537 1179,2534 1224,2528 1268,2528 1313,2525 1358,2519 1403,2516 1448,2513 1492,2507 1537,2504 1582,2501 1627,2498 1671,2498 1716,2498 1761,2492 1806,2489 1851,2486 1895,2481 1940,2478 1985,2475 2030,2472 2074,2469 2119,2466 2164,2463 2209,2460 2254,2457 2298,2454 2343,2448 2388,2448 2433,2445 2478,2442 2522,2436 2567,2436 2612,2433 2657,2430 2701,2424 2746,2424 2791,2421 2836,2418 2881,2421 2925,2418 2970,2421"/>
                <TextEquiv>
                    <Unicode>Lebens keine Stunde mehr sicher bist.</Unicode>
                </TextEquiv>
            </TextLine>
            <TextLine id="tr_2_tl_4" custom="readingOrder {index:3;}">
                <Coords points="1379,2688 2616,2628 2836,2579 2841,2485 2522,2552 2284,2510 1802,2589 1386,2579"/>
                <Baseline points="1394,2672 1406,2669 1450,2669 1495,2666 1540,2663 1585,2657 1630,2654 1674,2651 1719,2651 1764,2648 1809,2642 1854,2639 1898,2639 1943,2636 1988,2633 2033,2630 2077,2627 2122,2624 2167,2621 2212,2615 2257,2612 2301,2609 2346,2606 2391,2603 2436,2597 2481,2597 2525,2594 2570,2591 2615,2588 2660,2582 2704,2579 2749,2576 2794,2573 2839,2573"/>
                <TextEquiv>
                    <Unicode>1 In diesem Augenblick stand</Unicode>
                </TextEquiv>
            </TextLine>
            <TextLine id="tr_2_tl_5" custom="readingOrder {index:4;}">
                <Coords points="1007,2888 2411,2767 2891,2792 2903,2641 1015,2765"/>
                <Baseline points="1024,2854 1065,2848 1110,2848 1155,2845 1200,2842 1244,2839 1289,2836 1334,2836 1379,2833 1424,2830 1468,2827 1513,2827 1558,2821 1603,2815 1648,2812 1692,2809 1737,2803 1782,2803 1827,2800 1871,2797 1916,2794 1961,2788 2006,2785 2051,2782 2095,2779 2140,2779 2185,2776 2230,2770 2275,2767 2319,2764 2364,2761 2409,2758 2454,2755 2498,2749 2543,2743 2588,2743 2633,2740 2678,2737 2722,2734 2767,2731 2812,2728 2857,2725 2901,2725"/>
                <TextEquiv>
                    <Unicode>ein Wagen, dessen Heranrolla Adalbert</Unicode>
                </TextEquiv>
            </TextLine>
            <TextLine id="tr_2_tl_6" custom="readingOrder {index:5;}">
                <Coords points="1005,3047 2864,2923 2873,2789 1012,2935"/>
                <Baseline points="1021,3018 1035,3015 1080,3015 1125,3009 1170,3003 1215,3000 1259,2997 1304,2994 1349,2994 1394,2985 1439,2982 1483,2979 1528,2976 1573,2970 1618,2970 1662,2964 1707,2964 1752,2961 1797,2961 1842,2955 1886,2949 1931,2946 1976,2946 2021,2943 2066,2940 2110,2937 2155,2931 2200,2931 2245,2925 2289,2922 2334,2922 2379,2919 2424,2913 2469,2910 2513,2907 2558,2901 2603,2898 2648,2896 2692,2893 2737,2890 2782,2887 2827,2884 2872,2884"/>
                <TextEquiv>
                    <Unicode>schon (seit einigen Sekunden mit Ban¬</Unicode>
                </TextEquiv>
            </TextLine>
            <TextLine id="tr_2_tl_7" custom="readingOrder {index:6;}">
                <Coords points="1020,3183 1190,3225 1344,3148 2799,3069 2807,2980 1027,3081"/>
                <Baseline points="1033,3182 1059,3179 1104,3167 1149,3164 1194,3161 1239,3158 1283,3152 1328,3146 1373,3143 1418,3140 1462,3137 1507,3134 1552,3128 1597,3125 1642,3122 1686,3119 1731,3116 1776,3116 1821,3113 1865,3110 1910,3104 1955,3102 2000,3096 2045,3093 2089,3093 2134,3090 2179,3087 2224,3084 2269,3081 2313,3078 2358,3075 2403,3072 2448,3072 2492,3066 2537,3063 2582,3060 2627,3057 2672,3051 2716,3051 2761,3048 2806,3048"/>
                <TextEquiv>
                    <Unicode>gen) vernommen,vor dem Hause still.</Unicode>
                </TextEquiv>
            </TextLine>
            <TextLine id="tr_2_tl_8" custom="readingOrder {index:7;}">
                <Coords points="1027,3336 2294,3304 2505,3222 2849,3279 2876,3114 1035,3218"/>
                <Baseline points="1041,3325 1083,3322 1128,3319 1173,3316 1218,3310 1262,3308 1307,3305 1352,3302 1397,3296 1442,3293 1486,3293 1531,3290 1576,3284 1621,3284 1665,3281 1710,3278 1755,3275 1800,3272 1845,3269 1889,3266 1934,3263 1979,3257 2024,3254 2068,3251 2113,3245 2158,3242 2203,3239 2248,3236 2292,3236 2337,3230 2382,3227 2427,3227 2472,3221 2516,3221 2561,3218 2606,3215 2651,3212 2695,3212 2740,3209 2785,3203 2830,3197 2875,3194"/>
                <TextEquiv>
                    <Unicode>Ein Blick durchs Fenster bestätigte</Unicode>
                </TextEquiv>
            </TextLine>
            <TextLine id="tr_2_tl_9" custom="readingOrder {index:8;}">
                <Coords points="1035,3524 1817,3448 2030,3480 2641,3373 2737,3408 2784,3292 1044,3388"/>
                <Baseline points="1050,3484 1086,3481 1131,3478 1176,3472 1221,3469 1265,3463 1310,3463 1355,3457 1400,3454 1445,3451 1489,3445 1534,3442 1579,3439 1624,3436 1668,3436 1713,3433 1758,3430 1803,3427 1848,3427 1892,3424 1937,3424 1982,3421 2027,3415 2071,3412 2116,3406 2161,3403 2206,3400 2251,3397 2295,3391 2340,3388 2385,3385 2430,3382 2475,3382 2519,3379 2564,3376 2609,3373 2654,3367 2698,3364 2743,3361 2788,3361"/>
                <TextEquiv>
                    <Unicode>seine Befürchtung. Der Herzog war</Unicode>
                </TextEquiv>
            </TextLine>
            <TextLine id="tr_2_tl_10" custom="readingOrder {index:9;}">
                <Coords points="1057,3648 1497,3668 2997,3527 3005,3423 1064,3537"/>
                <Baseline points="1071,3636 1080,3636 1125,3636 1170,3636 1215,3630 1259,3624 1304,3618 1349,3615 1394,3612 1439,3609 1483,3603 1528,3600 1573,3597 1618,3594 1662,3591 1707,3588 1752,3585 1797,3582 1842,3579 1886,3576 1931,3573 1976,3570 2021,3570 2066,3567 2110,3564 2155,3558 2200,3555 2245,3552 2289,3546 2334,3546 2379,3543 2424,3543 2469,3540 2513,3537 2558,3531 2603,3528 2648,3528 2692,3522 2737,3519 2782,3516 2827,3511 2872,3508 2916,3508 2961,3502 3006,3496"/>
                <TextEquiv>
                    <Unicode>es,der aus dem Wagen stieg.. „Fort,fort“</Unicode>
                </TextEquiv>
            </TextLine>
            <TextLine id="tr_2_tl_11" custom="readingOrder {index:10;}">
                <Coords points="1049,3809 1750,3747 1973,3807 2366,3779 2752,3675 2990,3703 2997,3606 1059,3668"/>
                <Baseline points="1065,3794 1071,3794 1116,3791 1161,3788 1206,3785 1250,3779 1295,3776 1340,3770 1385,3770 1430,3767 1474,3764 1519,3758 1564,3755 1609,3752 1654,3749 1698,3746 1743,3746 1788,3743 1833,3737 1877,3734 1922,3731 1967,3728 2012,3725 2057,3723 2101,3720 2146,3717 2191,3714 2236,3711 2280,3708 2325,3702 2370,3699 2415,3696 2460,3696 2504,3690 2549,3690 2594,3687 2639,3684 2684,3681 2728,3675 2773,3675 2818,3672 2863,3669 2907,3666 2952,3666 2997,3672"/>
                <TextEquiv>
                    <Unicode>frief Adalbert mit erstickter Stimme,</Unicode>
                </TextEquiv>
            </TextLine>
            <TextLine id="tr_2_tl_12" custom="readingOrder {index:11;}">
                <Coords points="1079,3992 1549,3920 1780,4012 2208,3881 2953,3868 2963,3747 2161,3804 1710,3747 1502,3846 1087,3873"/>
                <Baseline points="1095,3949 1128,3949 1173,3943 1218,3940 1262,3937 1307,3934 1352,3931 1397,3926 1442,3923 1486,3917 1531,3914 1576,3914 1621,3911 1665,3911 1710,3905 1755,3902 1800,3899 1845,3896 1889,3890 1934,3887 1979,3884 2024,3878 2068,3875 2113,3875 2158,3869 2203,3866 2248,3863 2292,3860 2337,3857 2382,3854 2427,3851 2472,3848 2516,3845 2561,3845 2606,3842 2651,3839 2695,3836 2740,3833 2785,3827 2830,3824 2875,3821 2919,3818 2964,3815"/>
                <TextEquiv>
                    <Unicode>ducke dich schleich hier durch die</Unicode>
                </TextEquiv>
            </TextLine>
        </TextRegion>
    </Page>
</PcGts>
