6744 4280
1517 426 2917 642 in minis... Il
626 423 1491 649 not write
1209 597 2343 724 in u das mit tot
2334 610 3186 816 votre abul.-
783 672 1976 895 leur seul et de un
564 783 3117 1085 at me i uniitit de the with
570 950 3205 1242 ebe nicht einen mahl ich die zu haus
1039 1141 2150 1311 bei der gute ut deid
560 1144 3101 1501 geb   -    Excellen brenbl.
583 1478 3002 1727 Ogst mnde ers ein en
649 1635 3097 1888 leer that, - u ist i and Averla
682 1832 2983 2127 glaß die Terzah in verklein Stadt
741 2094 3094 2320 is in a Neude in bine ane
728 2275 2884 2511 in d Rentzen etc.    wille
760 2491 2992 2714 vetar l. Obe a tnul inot
724 2707 3068 2986 geschoten, daß nen Amt. mit ein
1354 2937 2861 3117 is de la cile deux. on
741 2999 1255 3205 be over
1367 3074 2235 3235 smovendus
754 3117 3025 3395 c'est a et dei téchel, une
810 3304 2960 3615 woll, so ges a die Fank
692 3612 2802 3904 eulzieren würden. Dich gar
4333 390 6208 708 ganz in demselben trockenen Ton,mit
4333 656 6358 852 dem er von der Ernennung des Adjunk-
4326 806 6326 993 ten zum Direktor der Schule mitgeteilt
4870 964 5395 1075 notre abte.
4333 970 6237 1173 hatte.Er ging heute mit der unerwar-
3769 1023 4067 1193 Aber
4333 1147 6135 1314 teten Bemerkung, dass er heute bald
3743 1177 4143 1344 en même
3825 1308 4071 1475 cen
4316 1288 6188 1488 wiederkehren werde. Er schien Agnes
4333 1455 6332 1655 sonderbar fremd,was sie als Beruhigung
4113 1586 6132 1763 —, fand. Sie schlief ruhig ein und sie
4333 1737 6113 1937 erwachte erst durch die Unruhe, die
4326 1888 6349 2104 Adalberts Erscheinen stets verbreitete.
4339 2071 6224 2229 Sie hätte sich gern weiter schlafend
5038 2193 5306 2298 Avelh
4326 2186 6280 2416 gestellt, doch er trat vor sie hin und
4320 2376 6332 2524 tat nichts dergleichen,begann vielmehr
4326 2517 6099 2694 sofort, einen stuhl neben ihr Bett
4326 2655 6244 2878 schiebend,zu erzählen, was sich heute
4333 2855 6335 3038 ereignet und was bei der Tafelrunde im
4333 2976 6224 3160 Roten Ochsen bes prochen worden war.
4339 3140 6263 3317 Tobias Klenk war im Walde nächst dem
4326 3287 6204 3464 Sehloss Karolslust mitdeiner Flinte
4316 3435 6335 3638 betreten und dem Schlossverwalter zor-
4333 3602 6355 3845 geführt worden, der ihn mit gefesselten
4346 3897 4857 4087 G.C.K.F.T.K
