6760 4424
5996 337 6386 660 daß
3516 291 5870 611 en konnte nich nicht verhehlen
302 600 2828 870 je ocriveltes; die will die me in
3547 565 6158 905 diese pfet si it, wie en beslend -
2811 681 3060 828 we
330 740 3123 1070 in deese Cungenblick viel mit dem
3554 768 6189 1116 Ce de ce pelle kewesenp uor
298 947 2803 1256 I bor Ründe...  Oder...
3530 986 6182 1396 verschieden là... Ma mussé
340 1154 3000 1432 all Avi eene Freilnicht nach
3533 1284 6189 1625 on her in here, in a present
340 1351 3046 1660 cend ditillos me imposne. Mais
3544 1498 6091 1940 de Heyss... Halb de Schuiber
340 1572 3025 1933 is Ich dut wicht all do cildi
3600 1758 5926 2165 heil wegen mit Anzeilen
354 1811 3032 2126 no dieue kam zusammen geredet habe.
1060 2014 2270 2232 I wllte  es in ein Rohen
3635 1923 6235 2432 gemacht vom viele Kriege, die
347 2088 3172 2418 Ode ma e au Turin (vie)... un été.
3603 2246 6239 2688 gleich Raltes in der Rendorgh
365 2274 3060 2635 (do all Trin) de R.M.C.M
3737 2498 4754 2744 (ichear Jugertion
3593 2432 6095 2916 présent recere et défaut de sigerlose
418 2509 3018 2895 Wylern ins Testile ja die
4421 2674 6102 3025 Kap de Férie en
453 2726 2870 3168 Unglut uder Tinte si
3607 2919 4347 3098 me....
344 2975 2947 3421 lungen; etc wit sich selber - u
3646 2923 6200 3298 es mit einem will er obige
3628 3154 6189 3611 evile tout p the half -
414 3218 2958 3684 Wegland zu tragen –. Be der
467 3456 2842 3993 Jevorben. Obut den Roch
3593 3502 6267 3835 de m'en la bien... ou il y a
488 3761 3203 4126 at Newstet. Hei in
3565 3835 5270 4077 or in any one, in
