6744 4440
6168 247 6360 477 24
3542 347 6302 711 Der Tag war schwister, als sie es, in dieser früher
4905 556 6130 741 kein tusschen viel in
3597 601 6227 862 dehierzeit zu ein pflegen, und ledelbst nur
2739 645 2904 889 7 ox
3608 844 6130 1061 nicht behaglicht zu kubl u seit in Sult
5516 941 5743 1054 in a
971 858 2712 1116 ganz nah von seinem Haus,das,das
3608 985 6010 1205 nicht behaglich zu Nuthe - obzwar -
951 1074 2914 1236 als das letzte im Ort, in freundlicher
4122 1112 5296 1284 dans fer jus utteiles.
3580 1170 6209 1431 sich selbst zu billigen wünfste, daß er mit
954 1208 2773 1407 Spätnachmittagstille mit blühendem
971 1366 2894 1524 Flieder im Vorgarten so heiter-fried
3632 1376 6254 1651 in serve or glad where ye Lage soeing
961 1510 2818 1668 lich dalag, dass Adalberts vrängstig
1878 1620 2513 1720 Borust nieder
3563 1624 6134 1816 and kleig betrijes at woglut, et sahlt
968 1672 2822 1854 tes Gemüt sich allmählig beruhigte.
3584 1740 6295 1977 not with me with anit cunge piede
978 1850 2935 2056 Uid sonderbar,was noch von Unruhe in
982 1974 2784 2132 ihm war, das hatte wenig Bezug mehr
3597 1943 6000 2269 me me fim. Et parlé c'est ou f ou
968 2121 2825 2351 auf allerlei, was ihm von Seiten des
3597 2114 6216 2458 Jeunes, ob ue eue andre Spivre gefäll
968 2279 2794 2458 Herzogs oder auch des Tobias Klenk
1867 2413 2149 2509 rin in
3611 2344 6069 2660 avec le tout du Verhandlung avec
978 2430 2938 2616 drohen könnte; - das war die Begegnung
989 2595 2777 2777 mit seiner Frau, die ihm nun bevor-
3566 2550 5990 2890 I begenotnt hall; dul he who is it
982 2739 2808 2966 stand. Er verstand es selbst nicht
3577 2811 6120 3137 gleich and der Frage, ob Tohn Bleich
989 2880 2938 3079 recht. Sie war doch bisher sein treu¬
5279 2983 5691 3120 gleitall
989 3017 3007 3227 es,gehörsames Weib gewesen,hatte sichx
3604 3031 6213 3271 in duxell & it willare beumuee.
999 3244 2990 3402 in keiner Weise an ihm gezweifelt, oder
3632 3227 6041 3553 word sonder & die getillige.
985 3374 2911 3546 sich gar gegen ihn aufgelehnt,es sei
982 3535 2993 3687 denn in den allerletzten Nächten,wosie
3649 3467 5983 3765 ever above juges. Nie me imme
995 3652 2955 3865 ihm zu widersprechen gewagt,aber auch
989 3789 2955 4068 nur aus Sorge für ihn. Also was hatte
