<?xml version="1.0" encoding="UTF-8" standalone="yes"?>
<PcGts xmlns="http://schema.primaresearch.org/PAGE/gts/pagecontent/2013-07-15" xmlns:xsi="http://www.w3.org/2001/XMLSchema-instance" xsi:schemaLocation="http://schema.primaresearch.org/PAGE/gts/pagecontent/2013-07-15 http://schema.primaresearch.org/PAGE/gts/pagecontent/2013-07-15/pagecontent.xsd">
    <Metadata>
        <Creator>prov=READ-COOP:name=TrHtr:version=2.1.0:model_id=51170:date=14_08_2023_15:01</Creator>
        <Created>2023-05-10T14:17:41.746+02:00</Created>
        <LastChange>2023-08-14T15:01:14.576+02:00</LastChange>
        <TranskribusMetadata docId="1428610" pageId="55418144" pageNr="42" tsid="132809625" status="IN_PROGRESS" userId="64420" imgUrl="https://files.transkribus.eu/Get?id=VLGGYZGFAMJBETMSBJVHFZUX&amp;fileType=view" xmlUrl="https://files.transkribus.eu/Get?id=HJPEIYEOQSVHRUCQYIBVNJRF" imageId="44692248"/>
    </Metadata>
    <Page imageFilename="1428610_0042.jpg" imageWidth="6744" imageHeight="4200">
        <ReadingOrder>
            <OrderedGroup id="ro_1711787529683" caption="Regions reading order">
                <RegionRefIndexed index="0" regionRef="tr_2"/>
                <RegionRefIndexed index="1" regionRef="tr_1"/>
            </OrderedGroup>
        </ReadingOrder>
        <TextRegion id="tr_2" custom="readingOrder {index:0;}">
            <Coords points="656,343 3084,343 3084,3458 656,3458"/>
            <TextLine id="tr_2_tl_1" custom="readingOrder {index:0;}">
                <Coords points="637,395 861,462 1291,398 1597,466 2768,455 2679,306 2344,366 2241,295 2017,381 1885,313 904,338 633,263"/>
                <Baseline points="656,399 745,393 835,393 924,393 1014,393 1103,399 1193,405 1282,405 1372,405 1461,411 1551,411 1640,417 1730,417 1819,417 1909,417 1998,417 2088,417 2177,417 2267,417 2356,417 2446,423 2535,423 2625,423 2714,429 2774,435"/>
                <TextEquiv>
                    <Unicode>Uurrito die er vieh. Er theile -</Unicode>
                </TextEquiv>
            </TextLine>
            <TextLine id="tr_2_tl_2" custom="readingOrder {index:1;}">
                <Coords points="694,587 2053,601 2440,676 2754,630 2750,502 2455,434 1334,509 993,406 690,491"/>
                <Baseline points="715,554 805,554 894,560 984,554 1073,554 1163,560 1252,560 1342,560 1431,566 1521,572 1610,572 1700,566 1789,566 1879,572 1968,572 2058,572 2147,572 2237,572 2326,578 2416,584 2505,584 2595,584 2684,584 2762,590"/>
                <TextEquiv>
                    <Unicode>Lop Tol klent - - de Cibs - pfangen</Unicode>
                </TextEquiv>
            </TextLine>
            <TextLine id="tr_2_tl_3" custom="readingOrder {index:2;}">
                <Coords points="847,783 1508,704 1946,765 2042,708 2437,829 2818,825 2786,605 2640,676 847,626"/>
                <Baseline points="865,715 954,715 1044,715 1133,709 1223,709 1312,709 1401,709 1491,703 1580,703 1670,703 1759,703 1849,703 1938,703 2028,703 2117,703 2207,709 2296,709 2386,721 2475,727 2565,727 2654,733 2744,727 2827,733"/>
                <TextEquiv>
                    <Unicode>gehabt.. wird es mich nicht gespiel</Unicode>
                </TextEquiv>
            </TextLine>
            <TextLine id="tr_2_tl_4" custom="readingOrder {index:3;}">
                <Coords points="815,943 1053,896 1224,943 1423,907 1505,950 1590,896 1722,936 2021,918 2017,818 1861,779 1736,825 1604,765 1555,808 1359,758 1206,829 993,754 811,783"/>
                <Baseline points="829,871 918,871 1008,871 1097,871 1187,876 1276,876 1366,882 1455,888 1545,888 1634,888 1724,888 1813,888 1903,888 1992,894 2028,906"/>
                <TextEquiv>
                    <Unicode>Heingeligkeit.</Unicode>
                </TextEquiv>
            </TextLine>
            <TextLine id="tr_2_tl_5" custom="readingOrder {index:4;}">
                <Coords points="1053,1163 2280,1113 3077,1178 3077,1046 2846,1000 1690,914 1359,1007 1053,957"/>
                <Baseline points="1073,1091 1163,1097 1252,1109 1342,1109 1431,1109 1521,1115 1610,1115 1700,1115 1789,1115 1879,1115 1968,1115 2058,1115 2147,1109 2237,1109 2326,1115 2416,1115 2505,1121 2595,1121 2684,1115 2774,1115 2863,1115 2953,1115 3042,1127 3084,1121"/>
                <TextEquiv>
                    <Unicode>Wollst de ein.. Tobi. gegenbei</Unicode>
                </TextEquiv>
            </TextLine>
            <TextLine id="tr_2_tl_6" custom="readingOrder {index:5;}">
                <Coords points="957,1313 1081,1345 1210,1277 1370,1309 1690,1249 1829,1298 1989,1270 2102,1341 2287,1302 2287,1188 2014,1121 1619,1195 1291,1128 957,1202"/>
                <Baseline points="978,1252 1067,1252 1157,1252 1246,1252 1336,1240 1425,1240 1515,1240 1604,1246 1694,1252 1783,1258 1873,1252 1962,1252 2052,1258 2141,1270 2231,1264 2296,1264"/>
                <TextEquiv>
                    <Unicode>al R.M. :.. H.F.</Unicode>
                </TextEquiv>
            </TextLine>
            <TextLine id="tr_2_tl_7" custom="readingOrder {index:6;}">
                <Coords points="1103,1476 1373,1405 1850,1505 2035,1459 2170,1526 2344,1444 2526,1508 2601,1451 2800,1494 2796,1384 2686,1387 2455,1249 2099,1341 1964,1259 1658,1355 1096,1323"/>
                <Baseline points="1115,1384 1205,1396 1294,1396 1384,1396 1473,1401 1563,1413 1652,1419 1742,1425 1831,1425 1921,1431 2010,1437 2100,1443 2189,1443 2278,1449 2368,1443 2457,1443 2547,1449 2636,1449 2726,1461 2809,1473"/>
                <TextEquiv>
                    <Unicode>Wenn Schilp.</Unicode>
                </TextEquiv>
            </TextLine>
            <TextLine id="tr_2_tl_8" custom="readingOrder {index:7;}">
                <Coords points="1199,1644 1338,1590 1437,1629 1519,1601 1683,1644 1996,1633 2191,1683 2266,1651 2263,1530 2145,1523 2106,1558 1964,1487 1775,1533 1636,1469 1380,1494 1331,1455 1195,1533"/>
                <Baseline points="1217,1575 1306,1575 1396,1575 1485,1580 1575,1580 1664,1580 1753,1586 1843,1592 1932,1592 2022,1598 2111,1598 2201,1598 2267,1598"/>
                <TextEquiv>
                    <Unicode>sion in wt. ƒ</Unicode>
                </TextEquiv>
            </TextLine>
            <TextLine id="tr_2_tl_9" custom="readingOrder {index:8;}">
                <Coords points="1199,1729 1487,1765 1580,1729 1747,1761 1843,1722 2031,1757 2031,1651 1999,1636 1878,1658 1761,1615 1722,1654 1576,1683 1338,1651 1274,1608 1199,1640"/>
                <Baseline points="1217,1706 1306,1706 1396,1706 1485,1706 1575,1712 1664,1706 1753,1712 1843,1712 1932,1718 2022,1718 2040,1724"/>
                <TextEquiv>
                    <Unicode>Et ma noſseule..)</Unicode>
                </TextEquiv>
            </TextLine>
            <TextLine id="tr_2_tl_10" custom="readingOrder {index:9;}">
                <Coords points="1113,1932 1740,1850 1957,1896 2565,1846 2633,1893 2757,1850 2761,1775 2131,1700 1939,1818 1576,1750 1117,1793"/>
                <Baseline points="1133,1867 1157,1867 1246,1861 1336,1861 1425,1861 1515,1855 1604,1855 1694,1849 1783,1849 1873,1849 1962,1849 2052,1849 2141,1843 2231,1843 2320,1843 2410,1837 2499,1837 2589,1837 2678,1837 2768,1837"/>
                <TextEquiv>
                    <Unicode>Gefasselt... und nicht ich keine</Unicode>
                </TextEquiv>
            </TextLine>
            <TextLine id="tr_2_tl_11" custom="readingOrder {index:10;}">
                <Coords points="1259,2070 1412,2117 1604,2028 1821,2035 1871,2074 2106,2024 2156,2056 2291,2031 2298,1928 2156,1857 1797,1889 1736,1942 1548,1971 1270,1917"/>
                <Baseline points="1282,2034 1318,2022 1407,2016 1497,2010 1586,2010 1676,2004 1765,2004 1855,1992 1944,1992 2034,1986 2123,1974 2213,1968 2302,1968"/>
                <TextEquiv>
                    <Unicode>(gan hung).)...</Unicode>
                </TextEquiv>
            </TextLine>
            <TextLine id="tr_2_tl_12" custom="readingOrder {index:11;}">
                <Coords points="1149,2220 1395,2263 1615,2167 2622,2120 3013,2177 3017,2074 2842,2092 2672,1985 1861,2106 1153,2092"/>
                <Baseline points="1169,2159 1228,2159 1318,2165 1407,2159 1497,2159 1586,2159 1676,2153 1765,2153 1855,2147 1944,2147 2034,2135 2123,2135 2213,2135 2302,2129 2392,2123 2481,2129 2571,2123 2660,2117 2750,2129 2839,2141 2929,2147 3018,2153"/>
                <TextEquiv>
                    <Unicode>Et gens un leur auf-il. 2 beweige.</Unicode>
                </TextEquiv>
            </TextLine>
            <TextLine id="tr_2_tl_13" custom="readingOrder {index:12;}">
                <Coords points="1149,2398 1950,2323 3049,2344 3052,2273 2793,2184 2259,2248 1971,2170 1679,2291 1434,2231 1149,2295"/>
                <Baseline points="1169,2344 1175,2338 1264,2350 1354,2350 1443,2350 1533,2350 1622,2344 1712,2338 1801,2332 1891,2332 1980,2314 2070,2308 2159,2308 2249,2308 2338,2302 2428,2302 2517,2302 2607,2308 2696,2308 2786,2308 2875,2314 2965,2314 3054,2314"/>
                <TextEquiv>
                    <Unicode>vie er u en keve eerste dit...</Unicode>
                </TextEquiv>
            </TextLine>
            <TextLine id="tr_2_tl_14" custom="readingOrder {index:13;}">
                <Coords points="1160,2529 1789,2604 2120,2515 2867,2497 2871,2412 2277,2376 1985,2483 1914,2426 1551,2469 1163,2391"/>
                <Baseline points="1181,2517 1264,2517 1354,2523 1443,2523 1533,2523 1622,2523 1712,2523 1801,2517 1891,2517 1980,2505 2070,2499 2159,2493 2249,2487 2338,2481 2428,2475 2517,2475 2607,2481 2696,2475 2786,2475 2875,2469"/>
                <TextEquiv>
                    <Unicode>Sie auptioll... Iti cour 10</Unicode>
                </TextEquiv>
            </TextLine>
            <TextLine id="tr_2_tl_15" custom="readingOrder {index:14;}">
                <Coords points="1270,2732 1672,2814 2220,2675 2344,2736 2501,2657 2761,2693 2914,2661 2921,2472 2593,2622 2273,2551 2056,2640 1950,2572 1668,2629 1565,2569 1274,2640"/>
                <Baseline points="1288,2684 1312,2678 1401,2684 1491,2690 1580,2690 1670,2696 1759,2696 1849,2696 1938,2690 2028,2684 2117,2678 2207,2666 2296,2666 2386,2660 2475,2660 2565,2654 2654,2648 2744,2642 2833,2636 2923,2630"/>
                <TextEquiv>
                    <Unicode>is all ugled shirge... Do</Unicode>
                </TextEquiv>
            </TextLine>
            <TextLine id="tr_2_tl_16" custom="readingOrder {index:15;}">
                <Coords points="1249,2899 1925,2850 2127,2903 2504,2825 2882,2878 2906,2782 2465,2743 1765,2803 1252,2750"/>
                <Baseline points="1270,2839 1300,2839 1390,2839 1479,2845 1569,2851 1658,2851 1748,2851 1837,2851 1926,2845 2016,2845 2105,2839 2195,2833 2284,2827 2374,2827 2463,2827 2553,2821 2642,2821 2732,2815 2821,2815 2911,2821"/>
                <TextEquiv>
                    <Unicode>Obriggereis ist in wat hac”</Unicode>
                </TextEquiv>
            </TextLine>
            <TextLine id="tr_2_tl_17" custom="readingOrder {index:16;}">
                <Coords points="1291,3010 1373,3017 1448,3059 1544,3056 1612,3010 1807,3038 2006,2992 2006,2956 1921,2960 1736,2853 1626,2857 1359,2949 1291,2938"/>
                <Baseline points="1312,2994 1390,2988 1479,2988 1569,2988 1658,2994 1748,2994 1837,2994 1926,2988 2016,2982"/>
                <TextEquiv>
                    <Unicode>- Reiche.....</Unicode>
                </TextEquiv>
            </TextLine>
            <TextLine id="tr_2_tl_18" custom="readingOrder {index:17;}">
                <Coords points="1306,3148 2060,3102 2277,3141 2394,3091 2700,3095 2782,3145 2807,3067 2601,2946 2401,3027 2078,2974 1932,3070 1846,3017 1757,3077 1580,3035 1505,3088 1309,3013"/>
                <Baseline points="1324,3114 1384,3114 1473,3114 1563,3120 1652,3120 1742,3114 1831,3114 1921,3108 2010,3108 2100,3096 2189,3090 2278,3090 2368,3090 2457,3084 2547,3090 2636,3090 2726,3090 2815,3102"/>
                <TextEquiv>
                    <Unicode>ne ai de Heer ullst -</Unicode>
                </TextEquiv>
            </TextLine>
            <TextLine id="tr_2_tl_19" custom="readingOrder {index:18;}">
                <Coords points="1551,3380 1676,3387 1821,3305 2049,3376 2312,3294 2775,3316 2778,3184 2394,3255 2231,3212 2181,3252 2117,3198 2003,3255 1814,3216 1555,3259"/>
                <Baseline points="1569,3311 1616,3305 1706,3305 1795,3305 1885,3305 1974,3305 2064,3299 2153,3299 2243,3293 2332,3293 2422,3293 2511,3293 2601,3293 2690,3287 2780,3299"/>
                <TextEquiv>
                    <Unicode>- in the R.M. d M.</Unicode>
                </TextEquiv>
            </TextLine>
            <TextLine id="tr_2_tl_20" custom="readingOrder {index:19;}">
                <Coords points="1608,3472 1651,3461 1704,3472 1800,3454 1861,3465 1875,3479 1907,3465 1946,3472 1942,3401 1900,3412 1861,3390 1829,3401 1757,3394 1736,3373 1697,3387 1686,3376 1604,3387"/>
                <Baseline points="1628,3442 1718,3448 1807,3448 1897,3448 1956,3448"/>
                <TextEquiv>
                    <Unicode>wur</Unicode>
                </TextEquiv>
            </TextLine>
        </TextRegion>
        <TextRegion id="tr_1" custom="readingOrder {index:1;}">
            <Coords points="3555,510 6502,510 6502,3941 3555,3941"/>
            <TextLine id="tr_1_tl_1" custom="readingOrder {index:0;}">
                <Coords points="3536,583 3732,647 3931,612 4123,704 4500,619 5326,697 5318,534 5101,530 4792,406 4607,502 4333,502 4088,377 3888,466 3671,377 3529,416"/>
                <Baseline points="3555,560 3645,560 3734,566 3824,572 3913,584 4003,590 4092,602 4182,602 4271,608 4361,608 4450,608 4540,608 4629,608 4719,608 4808,614 4898,620 4987,626 5076,638 5166,644 5255,656 5333,662"/>
                <TextEquiv>
                    <Unicode>trogeben verpfährt werden wolle.</Unicode>
                </TextEquiv>
            </TextLine>
            <TextLine id="tr_1_tl_2" custom="readingOrder {index:1;}">
                <Coords points="3639,868 5354,868 5632,993 6492,921 6489,815 5873,854 5603,697 4319,744 3629,619"/>
                <Baseline points="3657,811 3746,811 3836,817 3925,817 4015,823 4104,829 4194,835 4283,835 4373,829 4462,835 4551,829 4641,829 4730,829 4820,835 4909,841 4999,853 5088,859 5178,859 5267,859 5357,859 5446,853 5536,859 5625,865 5715,871 5804,876 5894,882 5983,888 6073,894 6162,900 6252,894 6341,900 6431,912 6502,918"/>
                <TextEquiv>
                    <Unicode>We went in their fayte Agnes and amptleive</Unicode>
                </TextEquiv>
            </TextLine>
            <TextLine id="tr_1_tl_3" custom="readingOrder {index:2;}">
                <Coords points="3678,1049 6361,1117 6272,918 5699,1049 4828,879 3675,914"/>
                <Baseline points="3698,1014 3788,1014 3877,1014 3967,1020 4056,1026 4146,1032 4235,1038 4325,1038 4414,1044 4504,1044 4593,1050 4683,1050 4772,1055 4862,1055 4951,1061 5041,1061 5130,1055 5220,1055 5309,1061 5399,1061 5488,1061 5578,1073 5667,1079 5757,1085 5846,1079 5936,1091 6025,1091 6115,1097 6204,1103 6294,1109 6371,1121"/>
                <TextEquiv>
                    <Unicode>Mes Rei ich wichtiger, et ist den Angellenk</Unicode>
                </TextEquiv>
            </TextLine>
            <TextLine id="tr_1_tl_4" custom="readingOrder {index:3;}">
                <Coords points="3678,1227 4016,1259 4098,1313 4415,1234 4685,1281 4678,1128 4646,1117 4458,1153 4344,1131 4184,1185 4109,1146 3949,1178 3675,1138"/>
                <Baseline points="3698,1211 3788,1211 3877,1217 3967,1223 4056,1223 4146,1228 4235,1234 4325,1240 4414,1234 4504,1240 4593,1246 4683,1258 4695,1258"/>
                <TextEquiv>
                    <Unicode>viennem tabl</Unicode>
                </TextEquiv>
            </TextLine>
            <TextLine id="tr_1_tl_5" custom="readingOrder {index:4;}">
                <Coords points="5116,1266 5283,1320 5318,1298 5372,1313 5407,1288 5443,1298 5525,1277 5514,1103 5411,1071 5286,1071 5201,1106 5169,1089 5137,1106 5109,1099"/>
                <Baseline points="5136,1240 5226,1234 5315,1240 5405,1246 5494,1252 5530,1258"/>
                <TextEquiv>
                    <Unicode>I am</Unicode>
                </TextEquiv>
            </TextLine>
            <TextLine id="tr_1_tl_6" custom="readingOrder {index:5;}">
                <Coords points="4294,1345 4394,1363 4450,1323 4568,1359 4643,1338 4735,1366 4824,1334 4963,1348 5055,1313 5055,1249 4813,1284 4756,1256 4653,1288 4546,1249 4440,1277 4294,1256"/>
                <Baseline points="4313,1312 4343,1324 4432,1318 4522,1324 4611,1330 4701,1330 4790,1330 4880,1324 4969,1318 5059,1300"/>
                <TextEquiv>
                    <Unicode>rohle 1 dit 1</Unicode>
                </TextEquiv>
            </TextLine>
            <TextLine id="tr_1_tl_7" custom="readingOrder {index:6;}">
                <Coords points="3757,1444 5898,1437 6211,1580 6492,1473 6492,1338 6290,1242 5994,1327 5600,1238 4739,1395 3942,1245 3753,1338"/>
                <Baseline points="3776,1396 3865,1390 3955,1390 4044,1396 4134,1401 4223,1407 4313,1419 4402,1425 4492,1425 4581,1431 4671,1437 4760,1437 4850,1437 4939,1437 5029,1437 5118,1437 5208,1431 5297,1431 5387,1425 5476,1425 5566,1431 5655,1431 5745,1431 5834,1437 5924,1437 6013,1443 6103,1443 6192,1443 6282,1449 6371,1455 6461,1467 6496,1473"/>
                <TextEquiv>
                    <Unicode>hiernd dort albst, Adelbert, defs.</Unicode>
                </TextEquiv>
            </TextLine>
            <TextLine id="tr_1_tl_8" custom="readingOrder {index:7;}">
                <Coords points="4002,1530 4077,1544 4137,1515 4194,1533 4283,1508 4319,1537 4450,1515 4525,1533 4561,1526 4561,1480 4465,1473 4394,1419 4251,1459 4180,1416 4141,1451 4070,1416 3999,1434"/>
                <Baseline points="4021,1497 4110,1503 4200,1503 4289,1509 4378,1503 4468,1509 4557,1509 4569,1509"/>
                <TextEquiv>
                    <Unicode>sot à kleine</Unicode>
                </TextEquiv>
            </TextLine>
            <TextLine id="tr_1_tl_9" custom="readingOrder {index:8;}">
                <Coords points="3718,1580 6436,1740 6432,1615 6179,1565 3710,1483"/>
                <Baseline points="3734,1563 3824,1563 3913,1575 4003,1580 4092,1575 4182,1575 4271,1580 4361,1586 4450,1592 4540,1592 4629,1592 4719,1598 4808,1604 4898,1604 4987,1610 5076,1610 5166,1616 5255,1616 5345,1622 5434,1628 5524,1634 5613,1640 5703,1640 5792,1646 5882,1646 5971,1646 6061,1652 6150,1658 6240,1664 6329,1676 6419,1700 6443,1700"/>
                <TextEquiv>
                    <Unicode>u..  Wilv ditui geleidl. en mit gewaltte</Unicode>
                </TextEquiv>
            </TextLine>
            <TextLine id="tr_1_tl_10" custom="readingOrder {index:9;}">
                <Coords points="3821,1693 3860,1700 3878,1693 3888,1704 3924,1686 3970,1704 3992,1690 4020,1704 4052,1697 4052,1587 4016,1587 4006,1597 3981,1590 3927,1633 3881,1604 3871,1615 3842,1604 3821,1608"/>
                <Baseline points="3842,1676 3931,1676 4021,1676 4062,1688"/>
                <TextEquiv>
                    <Unicode>Ort</Unicode>
                </TextEquiv>
            </TextLine>
            <TextLine id="tr_1_tl_11" custom="readingOrder {index:10;}">
                <Coords points="3675,1821 5422,1811 6400,1946 6393,1800 6041,1686 3671,1700"/>
                <Baseline points="3692,1736 3782,1742 3871,1753 3961,1765 4050,1777 4140,1777 4229,1777 4319,1783 4408,1783 4498,1783 4587,1783 4677,1789 4766,1789 4856,1795 4945,1795 5035,1795 5124,1795 5214,1801 5303,1807 5393,1807 5482,1807 5572,1807 5661,1813 5751,1813 5840,1819 5930,1825 6019,1831 6109,1837 6198,1849 6288,1867 6377,1897 6407,1903"/>
                <TextEquiv>
                    <Unicode>brouver; - 10 wurt durch, mit halb von it</Unicode>
                </TextEquiv>
            </TextLine>
            <TextLine id="tr_1_tl_12" custom="readingOrder {index:11;}">
                <Coords points="3689,1999 4575,1964 6400,2110 6393,1950 6219,1903 6002,1964 5486,1868 5126,1964 4970,1843 4884,1914 3682,1850"/>
                <Baseline points="3704,1915 3794,1926 3883,1938 3973,1944 4062,1950 4152,1956 4241,1956 4331,1956 4420,1956 4510,1956 4599,1956 4689,1962 4778,1962 4868,1968 4957,1974 5047,1986 5136,1992 5226,1992 5315,1998 5405,2004 5494,1998 5584,2004 5673,2004 5763,2016 5852,2016 5942,2034 6031,2034 6121,2040 6210,2052 6300,2064 6389,2082 6407,2082"/>
                <TextEquiv>
                    <Unicode>cwohl nicht in Stelle in schonzen get.</Unicode>
                </TextEquiv>
            </TextLine>
            <TextLine id="tr_1_tl_13" custom="readingOrder {index:12;}">
                <Coords points="3664,2167 6425,2287 6418,2117 6290,2081 4884,2138 3657,2014"/>
                <Baseline points="3680,2117 3770,2123 3859,2129 3949,2141 4038,2147 4128,2153 4217,2159 4307,2159 4396,2159 4486,2159 4575,2165 4665,2165 4754,2171 4844,2177 4933,2183 5023,2195 5112,2195 5202,2195 5291,2195 5381,2201 5470,2201 5560,2195 5649,2201 5739,2207 5828,2213 5918,2213 6007,2213 6097,2219 6186,2225 6276,2225 6365,2237 6425,2237"/>
                <TextEquiv>
                    <Unicode>so m weest di ita etat ser- tell j een shurx</Unicode>
                </TextEquiv>
            </TextLine>
            <TextLine id="tr_1_tl_14" custom="readingOrder {index:13;}">
                <Coords points="3686,2334 3956,2430 4475,2362 4721,2362 4902,2469 5511,2419 5503,2295 5372,2277 4820,2319 4607,2234 4187,2263 4077,2191 3686,2273"/>
                <Baseline points="3704,2308 3794,2314 3883,2320 3973,2326 4062,2332 4152,2338 4241,2338 4331,2344 4420,2344 4510,2344 4599,2350 4689,2356 4778,2362 4868,2374 4957,2374 5047,2380 5136,2386 5226,2386 5315,2380 5405,2380 5494,2386 5518,2386"/>
                <TextEquiv>
                    <Unicode>strafe wurtheil mittel.</Unicode>
                </TextEquiv>
            </TextLine>
            <TextLine id="tr_1_tl_15" custom="readingOrder {index:14;}">
                <Coords points="3643,2615 4386,2547 4522,2625 6222,2625 6165,2401 5710,2515 4287,2384 3942,2483 3639,2440"/>
                <Baseline points="3663,2529 3752,2529 3842,2529 3931,2529 4021,2535 4110,2535 4200,2535 4289,2529 4378,2529 4468,2535 4557,2541 4647,2541 4736,2547 4826,2553 4915,2559 5005,2565 5094,2565 5184,2565 5273,2571 5363,2571 5452,2571 5542,2577 5631,2577 5721,2577 5810,2565 5900,2571 5989,2577 6079,2583 6168,2589 6228,2607"/>
                <TextEquiv>
                    <Unicode>Ot von Helfertsekt hielt tr in hild dul</Unicode>
                </TextEquiv>
            </TextLine>
            <TextLine id="tr_1_tl_16" custom="readingOrder {index:15;}">
                <Coords points="5841,2679 5898,2661 5945,2675 5966,2661 5980,2672 6005,2657 6048,2679 6087,2665 6140,2668 6137,2604 6080,2601 6062,2586 6016,2601 5937,2579 5909,2583 5884,2604 5834,2590"/>
                <Baseline points="5858,2648 5948,2642 6037,2648 6126,2660 6150,2660"/>
                <TextEquiv>
                    <Unicode>being</Unicode>
                </TextEquiv>
            </TextLine>
            <TextLine id="tr_1_tl_17" custom="readingOrder {index:16;}">
                <Coords points="3767,2771 5728,2892 6329,2803 6290,2707 5286,2601 4546,2707 4344,2604 3764,2647"/>
                <Baseline points="3788,2720 3877,2720 3967,2726 4056,2726 4146,2726 4235,2726 4325,2732 4414,2738 4504,2744 4593,2750 4683,2756 4772,2768 4862,2768 4951,2762 5041,2768 5130,2768 5220,2774 5309,2774 5399,2774 5488,2774 5578,2780 5667,2768 5757,2780 5846,2798 5936,2786 6025,2780 6115,2780 6204,2780 6294,2780 6335,2786"/>
                <TextEquiv>
                    <Unicode>we'd Rev, in untrey der Caffe; in</Unicode>
                </TextEquiv>
            </TextLine>
            <TextLine id="tr_1_tl_18" custom="readingOrder {index:17;}">
                <Coords points="3678,2963 3856,3045 4134,2946 4408,3049 5205,3070 6172,2985 5429,2814 5041,2889 4728,2803 3678,2853"/>
                <Baseline points="3698,2911 3788,2917 3877,2917 3967,2923 4056,2923 4146,2923 4235,2929 4325,2935 4414,2941 4504,2947 4593,2947 4683,2953 4772,2953 4862,2959 4951,2965 5041,2959 5130,2965 5220,2965 5309,2971 5399,2971 5488,2976 5578,2976 5667,2971 5757,2971 5846,2965 5936,2965 6025,2971 6115,2976 6180,2982"/>
                <TextEquiv>
                    <Unicode>in Juvelthilgh rond - tordeniglich in-c</Unicode>
                </TextEquiv>
            </TextLine>
            <TextLine id="tr_1_tl_19" custom="readingOrder {index:18;}">
                <Coords points="3696,3134 4799,3262 6364,3212 6361,3113 5952,3038 5770,3113 4194,2988 3696,3056"/>
                <Baseline points="3716,3120 3806,3114 3895,3114 3985,3114 4074,3120 4164,3126 4253,3126 4343,3126 4432,3126 4522,3126 4611,3126 4701,3132 4790,3132 4880,3138 4969,3150 5059,3161 5148,3161 5238,3167 5327,3167 5417,3173 5506,3173 5596,3173 5685,3173 5775,3167 5864,3173 5953,3167 6043,3167 6132,3173 6222,3179 6311,3185 6371,3191"/>
                <TextEquiv>
                    <Unicode>and fusalligtent jegen til een die forte</Unicode>
                </TextEquiv>
            </TextLine>
            <TextLine id="tr_1_tl_20" custom="readingOrder {index:19;}">
                <Coords points="3696,3305 4906,3340 5133,3444 5507,3344 5671,3437 6076,3362 5913,3241 5297,3294 4635,3195 4340,3248 3938,3120 3693,3180"/>
                <Baseline points="3716,3293 3806,3299 3895,3305 3985,3311 4074,3311 4164,3311 4253,3311 4343,3311 4432,3311 4522,3311 4611,3317 4701,3317 4790,3317 4880,3323 4969,3334 5059,3340 5148,3340 5238,3340 5327,3340 5417,3346 5506,3346 5596,3346 5685,3346 5775,3340 5864,3340 5953,3334 6043,3340 6085,3346"/>
                <TextEquiv>
                    <Unicode>Überworlt auf und halle,</Unicode>
                </TextEquiv>
            </TextLine>
            <TextLine id="tr_1_tl_21" custom="readingOrder {index:20;}">
                <Coords points="3792,3554 6393,3550 6393,3465 6105,3376 5720,3465 5311,3397 5151,3486 3792,3390"/>
                <Baseline points="3812,3509 3907,3507 3997,3513 4086,3513 4176,3513 4265,3513 4355,3507 4444,3501 4534,3501 4623,3501 4713,3507 4802,3507 4892,3507 4981,3513 5071,3513 5160,3513 5250,3507 5339,3507 5428,3501 5518,3501 5607,3501 5697,3501 5786,3496 5876,3496 5965,3496 6055,3496 6144,3501 6234,3501 6323,3507 6401,3513"/>
                <TextEquiv>
                    <Unicode>[illegible] who is not what</Unicode>
                </TextEquiv>
            </TextLine>
            <TextLine id="tr_1_tl_22" custom="readingOrder {index:21;}">
                <Coords points="3775,3760 3949,3696 4212,3796 4475,3721 5030,3803 6051,3764 6190,3739 6190,3586 5077,3657 4650,3533 4009,3600 3771,3540"/>
                <Baseline points="3794,3692 3883,3692 3973,3692 4062,3692 4152,3698 4241,3704 4331,3704 4420,3710 4510,3710 4599,3710 4689,3716 4778,3716 4868,3722 4957,3728 5047,3728 5136,3728 5226,3728 5315,3722 5405,3722 5494,3722 5584,3716 5673,3710 5763,3710 5852,3710 5942,3710 6031,3716 6121,3722 6198,3734"/>
                <TextEquiv>
                    <Unicode>in Volcock geborelt, de une</Unicode>
                </TextEquiv>
            </TextLine>
            <TextLine id="tr_1_tl_23" custom="readingOrder {index:22;}">
                <Coords points="3821,3863 4852,3984 5571,3892 6251,3977 6247,3732 5013,3796 3821,3728"/>
                <Baseline points="3842,3859 3931,3865 4021,3865 4110,3871 4200,3871 4289,3877 4378,3883 4468,3889 4557,3889 4647,3895 4736,3901 4826,3901 4915,3901 5005,3895 5094,3895 5184,3895 5273,3901 5363,3901 5452,3901 5542,3895 5631,3889 5721,3889 5810,3889 5900,3895 5989,3895 6079,3907 6168,3919 6258,3931"/>
                <TextEquiv>
                    <Unicode>mit erst zu erwein. I have</Unicode>
                </TextEquiv>
            </TextLine>
        </TextRegion>
    </Page>
</PcGts>
