6584 4184
1097 553 2743 680 Cund das Ansinnen an ihn stellte
722 641 2850 784 als Tobias ihn gebieterisch heranrief, je-
1038 745 2427 836 Brigelle a l'arie na-térieusement
661 781 2844 934 des den beiden wädchen mitten auf den Mund
465 944 2808 1103 zu küssen und den Unschlüssigen so lange
667 1080 2811 1223 in die Rippen puffte, bis der nicht anders
1516 1197 2001 1298 interesseit.
667 1230 2915 1402 konnte, als die sonderbare Laune des Fraundes
667 1354 2886 1539 zu erfüllen. Noch aber spürte er die bren
722 1533 2837 1695 nenden wippen der Mädchen auf den seinen,
1487 1653 2740 1767 mit hart wort aus forts
667 1724 2902 1855 als ihm Tobias auch schon anbefahl sich so¬
918 1799 2509 1894 lous de het mais, ils ne se maint
667 1835 2766 2017 fort aus dem Staub zu machen und sich im
674 1988 2850 2187 Lauf der nächsten Tage bei Gefahr schwerer
667 2167 2964 2284 Prügelstrafe nicht vor ihm und den Schwestern
2515 2271 2860 2395 to the
667 2268 2746 2489 blicken zu lassen; worauf sich der andere,
657 2476 2801 2626 vom Gelächter der Geschwister verfolgt, im
2040 2570 2248 2655 une
657 2626 2935 2759 zwiespältigen Nachgefühl dieses bittersüssen
661 2736 1962 2896 Erlebnisses davontrollte.
1168 2889 2889 3091 Als Eenige Tage nach diesem Vor-
888 2948 1057 3065 also
1110 3029 1559 3114 was in, d
2209 3029 2378 3107 im
657 3068 2642 3264 kommnis die beiden Schwestern im Jagd-
2339 3143 3006 3270 entreten sere
644 3237 2854 3361 schloss des alternden Fürsten eingezogen
2099 3329 2388 3429 a pere
644 3384 2844 3527 waren, äusserte sich Tobias zu Adalbert, wie
2108 3485 2408 3566 wurf
651 3521 2863 3673 zu einem vertrauten Freunde in dunkel dro¬
700 3683 2844 3817 kenden worten über die nnbill,die den tu-
700 3794 2828 3904 gendhaften Mädchen widerfahren sei, um sich
299 3784 556 3950 at the
670 3859 3198 3999 bald in sein und ihr Schicksal zu fügen.unso erstliger
3322 290 3713 498 16/11.22.
5818 335 5977 524 15
4057 582 5863 739 Tage später ###uf, als sie sich eines
4054 713 6006 927 Sonntags zu einem paziergang trafen,
4142 875 4955 986 dans chez moi à
4061 862 5967 1097 die beiden Mädchen zu umarmen und da
4061 1028 6045 1262 Adalbort zögerte, puffte er ihn so lan-
4057 1223 5928 1373 ge,bis er sich wohl oder übel ent -
5167 1328 5707 1441 unbereible
4064 1334 6094 1555 schliessen mussteden (sonderbaren) Wunsch
3472 1520 6085 1685 dienstenden des Freundes zu erfüllen. Kaum aber war
4064 1643 5906 1842 dies geschehen, so gebot ihm Tobias
4057 1822 6013 1995 sich zu entfernen. Vnnd sich ja nicht
4070 1956 6104 2151 etwa im Wald oder auf der Wiese blicken
4572 2092 5775 2216 wie es ihnen wir abt, weil
4074 2141 6189 2369 zu lassen, worauf sich Adalbort von
4057 2265 6078 2476 Gelächter der Geschwister verfolgt, ver-
5444 2398 5785 2499 from it
4054 2434 5746 2590 wirrt davontrollte
5935 2505 6293 2623 am silets
5180 2551 6293 2671 -weinige verwahlen zu seiten.
4077 2580 6062 2756 sich wenige Tage die Schwestern im
4057 2749 6006 2938 Jagdschloss des Fürsten verschwanden.
4070 2912 5993 3075 Tebias sehloss darauf einen Herzens -
4051 3062 6075 3224 bund mit Adalhart, äusserte sich anfangs
4070 3179 6091 3371 in dunkeldrohenden Worten über die Un¬
4067 3374 6104 3534 bill die seinen tugendhaften Schwestem
4070 3517 6036 3722 widerfahren, um sich aber bald in sein
4070 3660 6055 3904 und ihr eh icksal zu fügen,umso willi-
