6744 4440
3509 483 3862 647 27/1.23
4150 591 6047 869 etwa um seine Andacht zu verrichten,
4162 791 6208 1008 sondern um sich von dem Schullehrer, der
697 838 2832 1122 dass Adalberts Auftrag bestellt und aus-
4159 997 6149 1185 sich als Organist eines gewissen Rufes
2310 1011 2488 1108 a.c.
719 1074 2921 1244 geführt sei und aufatmend nahm er die Ver-
4162 1155 6072 1299 erfreute, auf der Orgel vorspielen zu
711 1169 2873 1413 handlung mit dem uneinigen Ehepaar wieder
4164 1260 6255 1452 lassen. Adalbert Wogelein hörte die Töne
725 1330 2832 1557 auf, pr brachte die Sache ebenso wie die
4178 1455 6269 1635 an sein Ohr dringen, als er an der Kirche
722 1532 2896 1710 beiden mächsten Fälle eilig und etwas ver-
4184 1560 6272 1771 vorbeiliges, vor der Wagen des Herzogs
733 1621 2887 1868 drossen zu Ende, schloss vorzeitig
4173 1738 6219 1902 stand. Im übrigen war die Strasse fast
744 1830 2943 2060 die Gerichtsstunde, vergewisserte sich, dass
6019 1827 6469 1943 ce act est un
5136 1866 5405 1979 Neuf
5797 1846 6241 2043 Ichfalls
4192 1907 5666 2063 leer, da sich das ganze Volk
983 1996 1230 2102 dan be
744 1966 2885 2185 sich der Tobias in sicherem Gewahrsam be-
4975 2016 5408 2127 sich oft in
6033 2049 6291 2246 r rt Wo
4095 2016 5708 2238 in die Kirche begeben hatte.
747 2107 2757 2321 finde.gab nochmals Auftrag,dass man ja
4192 2229 5658 2390 gelein fühlte sich etwas sch
747 2304 2915 2476 keine Vorsichtsmassregeln ausser Acht las
6019 2351 6174 2501 er
4203 2374 5880 2540 war nicht zufrieden mit sich, obz
1991 2382 2465 2499 dem Kunstteil
769 2471 2862 2646 se, dass man es ihm aber nicht an reich -
2546 2468 3215 2618 Ehe in the but
6033 2504 6247 2665 lleu
5675 2529 5891 2676 aus
4198 2526 5419 2685 sich doch das Zeugnis
3018 2557 3284 2665 schen
769 2587 2918 2812 lichem Essen und Trinken fehlen lasse. Vor
3043 2632 3245 2743 delt
4195 2660 5880 2848 musste, dass er durchaus nach Rec
1974 2699 2465 2818 duit. Furs
777 2760 2832 2929 dem Stadthaus erfuhr er, dass der perzog
4214 2854 5813 3004 Gerechtigkeit weder zu streng
783 2882 2907 3073 indess in dem Städtchen einige Handwerker
4206 2959 5988 3170 milde vorgegangen war, und dass er
786 3057 2873 3268 besucht, unter anderem einen Goldschmied,
4209 3098 5988 3301 keinem Augenblick die Ruhe und die
788 3193 2887 3384 dem er ein paar Schmuckstücke abgekauft,
6019 3279 6205 3426 Auch
4228 3307 5802 3487 cherheit des Worts verloren ha
797 3368 2798 3565 einen Drechsler, wo er ein Schachspiel
4228 3443 6230 3659 wenn der Herzog nicht anwesend gewesen
811 3518 2876 3726 erworben und einen Sattlermeister, wo er
4234 3592 6360 3798 wäre,Adalbert hätte keinen anderen Spruch
811 3648 3046 3859 allerlei gutes Lederzeug, darunter eine Reit
4234 3737 6166 3956 fällen können,gewiss keinen milderen.
811 3840 2879 4042 peitsche gekauft und dass er sich jetzt
816 3967 2882 4214 oben in der alten Kirche aufhalte, nicht
