6744 4456
378 593 2909 977 das to oclomns; wer ei
375 844 2746 1267 aufgerecht. - erkalt gern
423 1091 2831 1511 renl en pe lis est un
365 1381 2955 1821 a querel; - eber ci en em
339 1648 2772 2078 umbragt Befayertant is
371 2016 2961 2394 it gloive, at ne ih i, wd
459 2176 3036 2658 from Blick in de lew Aime,
485 2463 2844 2834 de végagne cheurs
440 2733 3078 3218 beige ihr seitigen.
524 3016 3127 3486 greif tot.... de Hei zu Morgenk
573 3323 3075 3645 reichli - ist gleich werden.
547 3587 3007 3987 du Ouge schlofs at will
1450 3733 2801 3974 né de Bezug une vérité des
625 3886 2834 4205 wird die S2 noch nicht
3479 430 3919 645 15/2. 23.
4212 612 6088 805 so stürmisch,wie es sonst nicht ihr.
3687 733 6212 945 M. ### Art war.Was bedeutet das dachte or. Und
4456 893 4753 1000 dacht.
3655 906 4186 1033 m nicht, in
4212 932 6039 1153 dann, sie weise man hab ihr erzählt,
3567 994 4033 1140 ne nt it
4212 1072 6320 1231 wie vortrefflich ich mich gehalten hatte.
3587 1098 3942 1287 nall
3922 1215 6170 1453 auber (Sie ist stolz auf mich und väterlich
4212 1342 6297 1599 strich er ihr über die Haare) Er übergab
4212 1531 6160 1723 der Dienstmagd Mantel und Hut und jo-
4225 1691 6150 1863 vialer als es sonst seine Art war be-
4231 1834 6131 2042 merkte er: „Das Essen ist hoffentlich
4238 1974 6163 2166 fertig? Ich bin bei recht gutem Appe-
4245 2072 6261 2336 tit. Die Dienstmagd entfernte sich Ag¬
4241 2297 6052 2489 nes wollte ihm, wie sie es manchmal
4245 2433 6235 2661 halb scherzend tat,selbst die Perrücke
4241 2593 6189 2805 herunternehmen. Er liess es sich, ohne
4264 2769 6245 2964 selbst zu wissen warum,nicht gefallen.
4580 2860 5557 2968 als nae u noch in Amt -
4218 2896 6219 3121 „Nun, wie hat man sich heute den ganzen
5772 2990 5948 3091 Vid
4258 3072 6267 3264 Tag befunden?“ fragte er. „Was alles ge
4258 3218 6264 3375 schafft in Haus und Garten? Besuch em-
6056 3290 6235 3381 I am
4267 3372 6193 3583 pfangen?“ Sie schüttelte den Kopf. Es
4280 3525 6323 3746 war ihm verwunderlich. Wenn niemand da-
4261 3661 6092 3919 gewesen war,woher wusste sie? Oder
