3144 4200
2384 336 2583 671 144
813 587 2593 823 ich indess, da sie in keiner Weise
811 781 2807 950 zu bewegen war zu Euch zurückzukehren,
828 940 2499 1154 vorläufig zu ihren Vater bringen
823 1096 2484 1285 lassen. ( Vielleicht besser zur
825 1223 2715 1427 Oberjägermeisterin).Dort mag sie in
818 1415 2767 1591 Ruhe, unbeirrt von wem es auch sei, mir
828 1564 2613 1720 destens einen „onat verweilen.Dann
873 1706 2675 1892 aber,so habe ich von ihr gefordert,
828 1847 2611 2011 wird sie Euch empfangen zu gründli
828 1999 2650 2183 cher Aussprache und es wird sich er
828 2178 2663 2362 weisen, ob Ihr Euch wieder verständi
2275 2292 2476 2384 (Amt.)
840 2300 2760 2494 gen und vereinigen konnt.Es tut nicht
833 2456 2710 2663 gut, Herr Pichter, vor der Welt
843 2611 2673 2817 und vor seinem Weib einen grösseren
850 2765 2757 2964 oder kühneren Mann spielen zu wollen,
987 2906 1982 3026 den, in den Gott eine zuschiff¬
835 2964 2770 3110 als man ist.Es geht in solchen Fällen
848 3063 2675 3264 ohne Lüge nicht ab und hat man sich
845 3267 2673 3401 erst zu einer entschlossen, so weiss
835 3376 2683 3603 man nie, in welches Cewirr(von Lügen
840 3523 2625 3742 man noch gerät. Und natürlich
898 3752 2765 3898 kommt auch die Stunde, in den die Lüy
