3304 4280
2450 338 2636 670 944
861 640 2646 864 ich indess, da sie in keiner Weise
854 819 2850 1015 zu bewegen war zu Euch zurückzukehren,
869 978 2562 1169 vorläufig zu ihrem Vater bringen
864 1117 2550 1341 lassen. (Vielleicht besser zur
879 1281 2780 1447 Oberjägermeisterin). Dort mag sie in
881 1457 2835 1619 Ruhe, unbeirrt von wem es auch sei, mir
1465 1591 1549 1683 To
881 1614 2679 1797 destens einen „onat verweilen.Dann
936 1740 2736 1914 aber, so habe ich von ihr gefordert
896 1894 2706 2088 wird sie Euch empfangen zu gründli¬
894 2023 2748 2224 cher Aussprache und es wird sich er
899 2227 2753 2383 weisen, ob Ihr Euch wieder verständi¬
2356 2321 2562 2418 (auf)
916 2336 2845 2567 gen und vereinigen konnt.Es tut nicht
919 2522 2810 2696 gut, xxixfx Herr Pichter, vor der Welt
909 2644 2775 2828 und vor seinem Weib einen grösseren
919 2805 2840 2996 oder kühneren Mann spielen zu wollen,
1058 2949 2060 3071 den, in den Gott eine zugleich
923 2962 2880 3130 als man ist.Es geht in solchen Fällen
933 3106 2783 3317 ohne Lüge nicht ab und hat man sich
928 3274 2770 3448 erst zu einer entschlossen,so weiss
938 3436 2795 3634 man nie, in welches Cewirr(von Lügen
936 3557 2753 3744 man noch gerät. Und natürlich
983 3754 2870 3915 kommt auch die Stunde, in der die Lü-
