3288 4120
2388 364 2575 487 155
754 469 2573 698 lust fahre und Euer Weib soll heute
754 628 2516 844 Nacht nicht im Hause de Oberjägers
2237 780 2411 859 ihm
811 777 2747 1000 schlafen, sondern anz nach Wunsch in
757 934 2819 1165 meinen Arpen.) in einer sei Bitte, und in
1893 1064 2137 1177 mit
1113 1075 2752 1303 Er ging. Draussen mit der Fackel
772 1267 2686 1444 stand der Lakei. Adalbert blieb in ge
772 1408 2706 1585 beugter Haltung stehen. Dann, mit einem
2855 1516 2970 1608 nt
772 1544 2765 1772 Mal brach er zusammen.Er wimmerte vor
785 1744 2706 1898 sich hin, plötzlich brüllte er auf und
780 1865 2670 2083 die Diesstmagd, ganz erschrocken, trat
795 2001 2704 2237 ein. „Gehl Sie zum Teufel!“schrie er.
808 2170 2709 2362 „Wo war sie denn den ganzen Tag?“ Sie
795 2334 2780 2524 machte grosse Augen, dann fing sie ganz
841 2455 2639 2665 blöde zu schluchzen an,Adalbert in
813 2619 2729 2801 neuer Wut erhob sich, trat auf sie zu,
818 2755 2801 2970 schüttelte sie und schrie: „Hinaus!“ Doch
1393 2914 2737 3055 mitte es vie w a & d Schul..
818 2981 2691 3134 die blieb. da kann in der
185 3029 528 3178 tensd.
1229 3111 2798 3270 Als Frau Agnes am nächsten Mor
223 3163 590 3286 that is
228 3237 718 3376 neu il ait
870 3237 2698 3486 gen in der herzoglichen Kalesche vor
218 3337 713 3473 twit; -
831 3442 2706 3591 dem Hause anlangte, fand sie die Türe
233 3437 708 3581 is sent in
267 3532 636 3671 in which
839 3529 2662 3755 unverschlossen, niemand im Vorzimmer
272 3637 634 3781 1 Messer
287 3732 744 3868 he is of
269 3812 780 3940 are not the
