6680 4376
2609 526 2817 675 133
899 688 2909 885 sich einen Wilddieb in der Nähe zu be-
922 828 2861 1104 trachten (oder einen Raufbold)? Ten Ty -
985 1038 2861 1222 rannenfeind, den Aufrührer wollte er
912 1185 1330 1332 w bye
917 1119 3001 1364 sehen, den gefährlichen Verschwörer der
941 1308 3027 1524 überall schon das Feuer schürt) über dem
993 1500 2909 1647 ihm Bericht war erstattet worden und
954 1637 3053 1839 der kleine hagere Mensch in dunkler Hof -
1040 1655 1238 1760 ein
964 1784 2987 1989 tracht mit den Orden auf der Brust (der
1337 1915 2055 2049 du merle sur
964 1971 3035 2141 gerade hinter den Herzog sass hatte mir
975 2097 3069 2294 schon heute mrüh auf dem Weg zum Gericht
1477 2223 1976 2354 Lop. 4 alb...
977 2225 3087 2462 aufgepasst,um mich wissen zu lassen, wenn
983 2367 3019 2599 ich den auf mir lastenden Verdacht ab -
980 2578 2940 2780 schütteln wollte; so sei die beste und
996 2693 3058 2901 dringendste Gelegenheit hinzu, indem ich
991 2880 2972 3082 den Tobias Klenk, dessen Umtriebe wohl
1017 3006 2851 3216 bekannt seian,in seiner ganzen Ge-
1006 3153 3053 3371 fährlichkeit enthüllen und zu der Stra-
1067 3313 3098 3526 fe verurteilen würde, die Hochverrätern
1090 3466 3132 3736 gebühre.“ E Was weisst du von meinen Um-
2533 3587 2796 3713 nicht
1088 3660 2980 3839 trieben?" - „Ich allerdings nichts,
1096 3768 3093 4025 ich weiss nur von deinem heillosen Ge-
5907 494 6117 636 134
4215 552 6206 851 schwätz im Wirtshaus.Aber die Leute um
4222 765 6109 988 den Herzog und diser selbst scheinen
4257 925 6154 1135 mehr zu wissen als ich,viel mehr, und
4217 1098 6127 1272 auf den Knieen solltest du das Glück
4296 1209 6272 1453 preisen, dass heute morgens ich auf dem
4228 1387 6151 1621 Richterstuhl sass und kein anderer.
4556 1542 6217 1753 „Du sprichst völlig wahnwitziges
4299 1689 6235 1897 zeug“,sagte Tobias. „Wer in aller Welt
4299 1850 6293 2047 kann mir etwas nachweisen. Was ich je
4299 2005 6277 2218 mals Uebles verbrochen haben mag, liegt
4275 2152 6259 2388 (weit) hinter mir und ist nicht hier im
4322 2331 6340 2501 Lande geschehen. Warum sollteder Herzog
4593 2451 5662 2562 auf mein Tür leich tol
4312 2488 6282 2672 mir den Galgen oder gar das Rad andro-
4330 2630 6240 2825 hen? -  „Ich weiss von deinen Uebalta-
4278 2814 6138 2995 ten nichts, die du in fremden Landen
4322 2922 6269 3140 bverbrochen, du hast sie mir bis heute
4291 3037 6351 3269 wohlweislich verschweiegen, wenn auch al-
4288 3208 6180 3408 lerlei darüber gemunkelt wurde. Aber
4288 3376 6282 3579 Andere wissen auch mehr und es spannen sich
4333 3537 6246 3728 überall besonders von Hof zu Hof, von
