3480 4344
2524 574 2692 737 143
1021 725 1324 853 befehl
1003 727 2788 910 sagte der Herzog, der Lakai zündete
2142 865 2327 961 dre
1011 939 2970 1055 die Kerzen der zwei fünfarinigen Leuch
2430 991 3131 1117 couf du Aure M.
1366 1033 2221 1154 (fonte du Revt in dire
1016 1075 2766 1208 ter an, die auf dem Tische standen
1053 1168 2904 1400 All das geschah ohne dass ein Wort
1030 1380 2763 1558 gesprochen wurde. Auf einen Wink
597 1245 858 1518 26
1021 1568 2909 1679 entferte sich der Lakai und schloss
1028 1666 2815 1834 die Türe hinter sich ab.“Schliesst
1021 1829 2995 2016 Ihr die andere, Tobias Klenk“, sagte der
1030 2002 2785 2179 verzog. Tobias tat,wie ihm geheis-
1025 2135 3005 2310 sen. Nun waren die drei Männer in dem
1025 2300 2830 2485 abgeschlossenen Raum,nur das eine
1072 2440 2928 2638 -enster gegendie Strasse zu mar offen
1040 2630 2835 2771 und im leichten Frühlingsabendwind
1030 2753 2559 2926 flackerten die verzeuflammen.
1400 2904 2960 3071 Der Herzog,als wäre er hierzu
2670 3017 2965 3135 lagen
1040 3069 2975 3222 hause nahm am Tische Platz und sagte.
1057 3219 2938 3394 „Erst mit Euch ein Wort (Herr) pichter
1040 3389 2894 3535 Adalbert Wogelein.Es tut Euch wohl
2172 3488 3042 3577 cune unlevig benohr
1045 3562 3027 3707 nichts,dass Tobias Klenk anwesend ist,
1043 3673 2845 3868 mit dem—Ihr ja befreundet seid.Ihr
1053 3828 2904 4082 sehr, ich komme allein. Euer Weib hab
