6744 4456
840 826 2972 1079 dem Herzog doch zu denken gegeben haben.
857 1025 3064 1194 Sollte er nicht vorbauen, etwa Audienz neh-
845 1149 2980 1334 men beim Herzog und vorbringen,dass es
2469 1326 2879 1489 sei, wie
862 1343 2407 1497 keineswegs mit ihm so bestell
845 1466 3101 1640 man nach des Tobias Aeusserungen vielleicht
845 1657 2820 1795 annehmen konnte? Denn wenn der Herzog
857 1784 3087 2005 Verd acht schöpfte, wenn er ihn, dem Richter,
851 1955 2972 2109 am Ende beobachten oder gar in Gewahrsam
851 2090 3042 2272 betzen liesse,-? dann war es ja mit allen
862 2267 2918 2424 seinen Plänen für alle Zukunft aus. Dann
845 2404 2963 2576 war er für die grosse Sache der Freiheit
857 2564 2913 2750 endgültig verloren. Das musste jedermann
857 2722 2837 2862 einsehen, auch Tobias, so dumm sich der
857 2899 3008 3042 Mensch heute auch benommen hatte. Dumm, ja,
862 3008 2913 3244 das war es. Durch seine albernen Bemer¬
857 3177 3106 3356 kun en hatte er der Sache, für die sie beide
857 3345 2812 3547 wirken sollten,geschadet,hatte gerade
868 3522 3095 3654 dort Verdacht wachgerufen, wo die Macht war
857 3635 2915 3823 und alle Mittel zu Gebote standen, eine
845 3795 2862 3969 Bewegung im Kime zu ersticken.Ja, der
4314 607 6280 851 Dummkopf Klenk hatte sich und ihn und
4368 817 6373 1008 andere in die höchste Gefahr gebracht,
4387 975 6325 1157 ohne dass auch nur für einen Menschen
4382 1124 6294 1300 oder für die Sache selbst der gering-
4373 1247 6379 1452 ste Vorteil erwachsen konnte. (Ungheuer
4373 1404 6393 1598 lich war es. Viel zu milde war er dem
4368 1553 6415 1781 Tobias Klenk gegenüber aufgetreten. Dem
4373 1688 6230 1944 durch sein Benehmen war er in einem
4368 1904 6264 2053 gewissen Sinn ein Verräter geworden.
5671 1986 5924 2093 A. W.
4373 2034 6126 2216 Und darum.nun wusste er es selbst
4373 2177 6205 2359 erst,hatte er ihn gestraft.Er hätte
4373 2359 6269 2548 ihn gar nicht dürfen zu Worte kommen
4368 2497 6162 2668 lassen. Wer weiss,welch Ungewitter
4362 2671 6261 2826 sich in diesem Augenblick schon über
4382 2831 6264 2977 sein und auch des Tobias Klenk Haupt
4362 2997 6283 3168 zusammenziehen mochte. Ob es nicht am
4351 3104 6407 3295 Ende für alle Gegenmassregeln schon zu
4368 3258 6264 3469 spät war? Ob er nicht am Ende in ei-
4362 3435 6384 3604 ner Stunde schon gleichfalls im Gefäng-
5688 3528 5912 3615 nun
4356 3595 6379 3761 nis sitzen würde? Und plötzlich war er
