6616 4184
3391 322 3804 529 8/10.23.
4028 516 5972 774 Zum würdigen Empfang des neuen Herrn
4082 734 6079 922 bereit gewesen, der es vorher niemals
4082 858 6012 1056 betreten hatte.Denn mit seinem Vater,
4035 1029 6146 1227 dessen Wandel und Treiben er bekannter-
4082 1180 6210 1361 massen missbilligt, hatte er in gefrieden
4038 1310 6196 1548 gelebt, befand sich seit seiner Mündigkeit
4035 1461 6230 1669 me ist auf Reisen und man so von der Trauer
4045 1635 6062 1843 nachricht in Paris ereilt worden, wo er
4045 1786 6203 1984 nicht nur in höfischen und adeligen Krei-
5000 1900 5543 1997 and - to be
4089 1984 6096 2148 sen, sondern auch mehr zum Hehn, als zur
5503 2064 5694 2155 to the
4082 2088 6193 2286 Erbitterung seines Vaters mit den Gelehr
5959 2208 6173 2306 xyz
4089 2259 6150 2426 ten und Schriftstellern, darunter mit dem
4045 2413 5959 2601 berühtem Enzyklopädisten Diderot und
5295 2517 5737 2621 Deutscher
4829 2537 5161 2624 viehente
4025 2560 6203 2751 Baron von Grimm in Verkehr gestanden sein
5881 2725 6260 2855 zu gegen
4075 2708 5184 2909 80/100. greflossen hatte.
4662 2728 6223 2919 Per ouolostre odersoe, in
4457 2899 6200 3026 Die Trauer über den Tod des alten
4179 2919 6424 3143 sehre.  xxx xxx
3837 3083 6133 3214 Herzogs in Lande war nur mässig, Observar-
3680 3174 6103 3391 Malle er seinen Untertanen seit längerer Zeit
3837 3281 4360 3402 Roin with
4035 3348 6032 3552 keinen Anlass zur Klage gegeben hatte.
4062 3482 5989 3663 Im Genusse grosser Einkünfte aus dem
4068 3636 5965 3854 Erbe seiner frühverstorbenen, mit dem
5097 3720 6220 3867 Mühle der Königl.
3455 3753 6150 3951 könnten pölnischen Fürsten verschwägerten Gattin
