6728 4280
2818 350 2998 513 43
4367 526 6215 711 voten.Wenn jedem Jägerburschen ein
1031 493 3067 724 Händen in das gefängnis von Karolsmarkt
4362 685 6228 858 Bolehmesser im Gürtel zu tragen ver
1036 630 3080 817 hatte schaffen lassen,wo er morgens dem
1490 807 1706 896 vrt
4377 845 6311 1015 stattet ist,warum sollte ein Mann, der
1041 782 2894 995 Richter unter der Anklage der Wild-
4379 1005 6387 1188 an universitäten studiert, in Schlachten
1031 977 2846 1168 dieberei vorzuführen sei. Adalbert
4384 1173 6296 1318 mitgekämpft,Ehrenhändel ausgefochten,
1031 1155 2879 1315 brachte das mit Bedeutung und Ernst
4372 1300 6352 1495 mag er auch durch die Ungunst der Zei-
1049 1267 3026 1470 vor, doch Agnes schien nicht sonderlich
4389 1417 6296 1653 ten jämmerlich heruntergekommen sein,
1023 1434 3057 1589 berührt, ja sie nehm die Sache eher hei¬
4374 1584 6238 1797 keine Waffe bei sich tragen dürfen?"
1031 1615 3039 1764 ter auf. „Wie seltsam, komisch beinahe“,
4344 1724 6255 1970 (Aber im Walde nächst Karolslust ist
1023 1739 2945 1914 sagte sie „dass du nun deinem alten
5423 1836 6431 1950 Mit ist mein unter bekant
1023 1886 3052 2064 Freund Tobias als Richter gegenüberste
4389 1935 6314 2067 es doch untersagt. „Das eben ist es.
4384 2003 5832 2097 Und wie sol ich ein Knad bericht
4372 2046 6321 2259 Diese Verordnung ist,wie so viele an-
1023 2077 3019 2188 hen und genötigt sein wirst eine Stra¬
4384 2206 6377 2384 dere, ein frecher Eingrifff in die Frei-
1023 2199 2772 2361 fe über ihn zu verhängen.“ „Hmhm,
4379 2399 6314 2554 heit der Bürger und da das Jagdrevier
1005 2371 3046 2554 machte Adalbert, „glaubst du?" „Du musst
4364 2480 6390 2724 (zu dieser Zeit) der allgemeinen Belasti-
1023 2534 2815 2683 doch wohl, auch wenn er dein Freund
4382 2683 6266 2869 gung eröffnet ist,ausser während der
1023 2678 2762 2828 ist. „Ob Freund oder nicht stehe
1013 2831 2935 2988 dahin. Ich urteile nach Recht und Ge-
4397 2831 6228 3024 Jagden,die erst am 15.Mai beginnen,
1013 2965 3003 3176 rechtigkeit und ich werde keine strafe
4382 2993 6291 3204 so kann niemand verhalten werden, vor
4392 3181 6408 3356 Eintritt in den Wald seine Waffe abzu-
1018 3176 2876 3326 verhängen, wo keine Schuld zu finden
1018 3290 3013 3440 ist.“ „Ist das Wildern nicht verboten?
4397 3316 6415 3524 legen.Dies für den Fall, dass dem Tobina
4397 3463 6258 3663 Klenk die Absicht des Wildern nicht
1013 3440 2942 3608 „Erstlich, ob er gewildert oder nicht,
1120 3559 1742 3658 ist nicht bemerk¬
1013 3575 3016 3780 steht nicht fest. Im Wald nächst Karols-
4392 3575 6410 3854 nachgewiesen werden konn###Sofern er aber
995 3770 2978 3950 lust ist das Spazierengehen nicht ver-
4379 3897 4849 4072 G.C.H.F.T.
3966 3910 4156 4077 .H.
