6760 4456
2687 447 2922 609 "
408 532 2629 730 and was in his letter was obeses in belegt.
959 560 3150 810 mit, mit sich bisserheit nie et in verlangen,
628 728 797 860 it
948 711 2299 940 ometr. of the (1.3.)
956 865 2883 1091 Euch einen Rehbraten zu verschaffen.
1692 987 2613 1105 und nichts in der schon
1422 998 3084 1210 „Das hab ich nicht gestanden. Man
967 1155 3175 1414 trägt Naffen zu mancherlei Anlass, nauehmal
2409 1273 2858 1389 (o of a
973 1334 3065 1552 auch zum eigenen Schutze. (Also einen Be-
976 1499 3192 1679 weiz für die behauptte Absicht des Wildern
2723 1571 2916 1676 4:-
1855 1593 2657 1736 at a/c & of it
2075 1643 2922 1797 mit de in sehr
2075 1692 3164 1847 all mil cinng t. heefting
978 1645 1987 1860 besteht nicht.
1469 1783 3046 1965 Ob diese Absicht bewissen ist
1502 1885 2933 2034 das nicht eben in ist das Ver¬
987 1965 3081 2158 izt oder nicht wird dass Gericht entsche-
1078 1987 1370 2067 aller
1003 2098 3123 2304 den. Wir kommen nun zu dem zweiten Punkt
1012 2241 3131 2456 der Anklage, dass Ihr Euch gegen die Ent-
1017 2414 3032 2613 waffnung widersetzt und Euch gegen die
1014 2561 2999 2811 herzoglichen Jäger tätlich vergangen.
1728 2709 1894 2789 And
1566 2707 3098 2913 „Beides gestehe ich zu lieber
1042 2878 3109 3117 Adalbert), doch keineswegs als Sehuld.Die
1034 2988 3076 3233 Flinte ist mein Eigentum,mindestens so
1439 3186 1734 3288 in un
1053 3159 3214 3398 redlich erworben, sie (jagend ein) deutscher
2472 3294 2660 3385 the
1527 3346 1811 3443 Mr Jegl
1064 3332 3194 3558 für wird seine Reviere und seine Gartenmägd-
1023 3467 3126 3707 Mein erwerben kurz. Kein Mensch hatte das
526 3522 984 3669 in tint
1990 3619 2343 3718 dienti in
1064 3663 3280 3842 Recht mir meinen Besitz abzuverlangen oder
2756 3751 2991 3848 um
1069 3776 3035 4008 gar zu ehtreissen und ich hatte allen
1064 3947 2993 4173 Grund mich meiner Haut zu wehren, als
4027 606 6210 871 zwei bewaffnete Menschen über mich herfie-
4749 791 6086 910 Reine theile wiraule plibt soll
4355 813 4509 910 die
4021 879 6160 1061 len, denen bestimmt nicht das Geringste ge
4021 998 6171 1232 schehen wäre, wenn sie mich bei dieser Ge-
4021 1152 5482 1351 legenheit umgebracht hätten.
4619 1246 5763 1359 Es ist mit gertheil zu neben
4358 1334 6204 1508 Man hätte Euch nichts zu Leide ge¬
4032 1464 6108 1690 tan,Tobias Klenk,wenn Ihr Euch gutwillig
4019 1621 4807 1841 gefügt hättet.
4399 1767 6210 1962 Ich bin der Mann nicht nicht zu fü-
4019 1951 6064 2117 gen, auch wo mein Recht nicht über allem
5700 2081 6014 2271 tun, wo
4021 2109 5623 2279 Zweifel steht. Und ich sollte es
5328 2177 5634 2288 aupeli
4021 2249 5761 2445 mir Unrecht und Gewalt geschieht?
4402 2384 5907 2583 „Somit gesteht Ihr also zu,
4041 2569 5912 2720 Adalbert Wogelein und es war ihm seh
5535 2640 5716 2748 the
4043 2690 6146 2866 Mut, denn er fühlte, dass die Sache — Fude
4642 2803 5121 2922 Cultivé
4035 2850 5907 3026 ging und alles nun bei iha lag,somit
4035 3010 6199 3183 steht Ihr auch zu, dass Ihr Euch der Verha
4052 3159 6268 3376 tung tätlich widersetzt habt und ich stele
3994 3302 5697 3531 stelle nun noch die letzte Frage
6025 3308 6210 3476 sh :
4473 3426 4710 3528 1m
4049 3454 6224 3663 Was ihm etwa zu Eueren Verteidigung vorzu-
4049 3622 4768 3828 bringen habt?
4242 3666 6185 3867 men hebt Uhr die Rechtfelung ergeben
