4282 4440
847 607 955 719 M
1104 1471 1825 1657 Sehr verehrter Herr Doktor
1123 1614 2672 1783 im Herbst will die „Wiener Werkstätte“ einen Anna
1123 1723 2736 1850 nach „die Frau“ herausgeben, ich bin mit der Redaktion
1133 1808 2711 1939 betraut und bitte Sie nun, mich mit einem Beitrag
1143 1887 2757 2044 zu unterstützen. Hoffentlich können Sie mir diese Freude
1145 1978 2753 2127 machen! Ich soll die Einsendungen bis Anfang September
1143 2053 2807 2196 beisammen haben, was schon etwas Knapp ist, aber Waere.
1147 2177 2765 2289 dorfer und Hofmann konnten sich solange nicht entschließen
1150 2258 2736 2417 Es ist selbstverständlich, daß Sie nur in die beste Gesellschaft
1164 2396 1469 2475 kommen.
1274 2401 2794 2568 Es war mir sehr leid, Sie nicht mehr gesehen zu haben.
1176 2529 2761 2676 So wünsch ich Ihnen und Ihrer verehrten Frau schriftlich,
1185 2616 2769 2757 aber nicht minder herzlich recht angenehmen Sommer.
1239 2705 2357 2858 - Ich bleib noch da, Mary ist in Ungarn.
1315 2836 2175 2974 Mit den besten Empfehlungen
1854 2962 2403 3119 Ihr stetsegebener
2382 3086 2749 3258 Max Mell.
1191 3306 1785 3490 V. Mittelsbachstr. 5.
