4381 4439
2200 1549 2745 1709 Wien, 29. Juli 1909
1220 1692 1944 1866 Sehr geehrter Herr Doktor,
1222 1804 2916 1939 es wird mir sehr schmerzlich sein, in meinem Almanach nichts
1235 1896 2911 2067 son Ihnen zu haben. Wäre es nicht möglich, daß Sie mir ein
1233 1985 2812 2151 fragment aus der größeren Arbeit die Sie jetzt schreiben,
1235 2062 2832 2224 Gärben? Imschlimmsten fall möchte ich wenigstens etwas
1231 2164 2864 2336 schon gedruktes, (etwa Gedichte?) bringen, und bäte Sie dafür
1228 2276 1526 2390 im Rat.
1295 2302 2916 2476 Mit Ihrer Ansichtskarte haben Sie mir große Freude gemacht,
1209 2399 2944 2575 Dr. Servaes, der am selten Tag zu mir kam, hat mich ordentlich
