4424 4424
2705 1161 3284 1307 Wien II. Wittelsbahstr.
2740 1257 3145 1367 11. Oktober 190.
2238 1519 2750 1665 erührter Herr Doktor,
2150 1615 3283 1767 nehme mir die Freiheit, ihnen mein Stunde
2122 1730 3308 1841 zu überreichen, ermutigt durch Sie selbst und
2092 1790 3246 1917 In Ungeduld, denen auch als Dramatiker
2086 1885 3317 1978 kannt zu werden, die sich meiner Novellen erin
2089 1967 3332 2069 nern. Mein Ziel ist die Komödie und hoffentlich
2108 2032 3319 2165 werden Sie mir die Jähigkeit, es zu erreichen.
2122 2103 2393 2234 zusprechen.
2165 2170 3294 2296 darf ich auch einen kleinen Aufsatz aus der
2156 2251 2960 2373 venkfurter Zeitung beilegen.
2173 2268 3388 2446 Vielleicht geben Sie das Manuskript gelegen.
2151 2392 3329 2519 lich meiner Schwester zurück, wenn sie Ihr
2172 2477 3312 2609 Frau Gemahlin besucht, auch werde ich mit
2153 2548 3280 2689 erlauben, ihnen meine Berliner Adres¬
2159 2637 3261 2770 mitzuteilen. Ich hab das Stück in Berlin,
2141 2717 3320 2855 nisgends eingereicht, aber es an Rainz g
2168 2807 2288 2922 schickt
2234 2830 3298 2981 Es wäre mir sehr erfreulich, wenn auch
2156 2928 3236 3091 Frau Gemahlin, der ich mich bestens zu et¬
2148 3010 2762 3129 bitte, es lesen wollte
2258 3064 3060 3208 f bin, in aufrichtiger Hochachtung
2672 3165 2908 3283 ergeben
