3832 5544
3123 229 3288 470 36
892 448 3281 670 Hand fällt. Aber da war's schon zu spät. Da war es
908 628 1784 853 schon aus mit ihm.
2695 676 2853 840 203
898 802 3288 1024 Es ist ja alles nicht wahr.Du willst mir nur Angst
451 808 744 969 Elisa:
902 995 3462 1204 machen. Du hast jemanden umgebracht, du? Weder ihn noch
914 1169 3500 1381 einen Andern. Jetzt kannst du mir's ja sagen, Du weisst
924 1356 3429 1568 ja doch alles, was du wissen willst. Und tot ist er ja
914 1513 2386 1723 auch. Es kann dirja genug sein.
924 1690 3420 1897 Ich habe ihn umgebracht. Und es hat sich nicht einmal
441 1719 702 1877 Karl:
902 1864 3326 2074 gelohnt. Nichts mehr war in der Brieftasche, nichts.
918 2051 1884 2264 Du hast nachgesehen?
448 2067 734 2231 Elisa:
914 2225 3288 2415 Denk dir, auch das habe ich noch getan. Es war wohl
448 2235 712 2460 Karl:
918 2428 3387 2592 nicht das Schlimmste. Aber nichts mehr,nichts. Alles
918 2589 3375 2772 hat er seinem Schatz gegeben. Nur ein paar Visitekar-
918 2772 2470 2917 ten. Nun, den Namen kennst du ja,
918 2966 1694 3156 Schweig, schweig.
448 2937 750 3120 Elisa:
914 3091 3217 3310 Ein hübscher Kerl und reich, reich. Schad um ihn.
460 3136 708 3291 Karl:
924 3272 3420 3487 (auch wie erwachend) Karl,Karl,versteck das Geld und
451 3300 757 3497 Elisa:
924 3458 3284 3658 sperr die Türe auf. Aber zuerst versteck das Geld.
921 3626 3410 3816 Wenn sie kommen und die Türe versperrt finden – Karl,
914 3816 3391 4054 Karl! - (sie greift nach seinen Händen, in denen er
914 3993 2299 4218 die Banknoten zerknüllt hält)
921 4176 1890 4392 Nicht mich anrühren.
467 4196 715 4350 Karl:
914 4350 3323 4576 Karl,niemand weiss! Bedenke doch, niemand weis was.
454 4363 766 4566 Elisa:
914 4550 3329 4724 Nicht der geringste Verdacht ist auf dich gefallen,
918 4698 3397 4907 Rette dich, Karl! Rette uns beide! Ich war ja rasend!
886 4898 3468 5133 Ich war ja so wenig bei Sinnen wie du! Weisst du denn,
