4088 5592
3189 288 3359 519 10
1058 506 3522 715 ausgehalten? Schon mehr als einmal war ich nah daran
1064 695 3638 955 auf und davon zu gehen. Aber jetzt, setzt kann ich nicht
1045 945 3599 1054 mehr:- Ich halte das Leben nicht länger aus. Und hiel-
1058 1106 3606 1298 te es auch nicht aus, wenn es etwas besser würde; nicht
1016 1285 3535 1449 einmal, wenn Ihr Herr Onkel uns eine fixe Stellung ver-
1070 1468 3503 1654 schaffte. Solche Frauen wie ich, die taugen nicht zu
1064 1638 3577 1779 solch einer Existenz. Karl müsste eine andere Frau ha-
1051 1820 3426 2016 ben, eine sanftere,eine bescheidenere, sine bessere.
1051 1981 2445 2202 So eine, wie sie, zum Beispiel.
1054 2157 1378 2285 Adieu.
593 2157 881 2295 Marie:
1051 2333 3593 2497 (sie beim Arm fassand) Aber was ist denn? Warum wollen
587 2320 885 2558 Elisa:
1045 2503 1747 2731 Sie denn fort?
583 2679 904 2840 Marie:
1045 2670 2506 2884 Ichdenke, es ist Zeit zu gehen.
1051 2894 3564 3013 Oh nein, ganz im Gegenteil, es ist Zeit zu bleiben. Ich
587 2862 888 3070 Elisa:
1045 3000 3590 3247 habe Ihnen noch eine ganze Menge zu sagen, ja, wirklich.
1045 3224 3538 3436 Und was ich Ihnen vor allem sagen muss, denn dann wer-
1051 3365 3426 3602 den Sie alles Weitere viel leichter verstehen. Wir
1045 3599 3452 3731 sind gar nicht verheiratet, Karl und ich. Er ist gar
1032 3759 3218 3990 nicht mein Mann. Wie? Nun leuchten Ihre Augen!
1045 3926 2308 4128 Aber lassen Sie mich doch
567 3891 865 4112 Marie:
1051 4035 3548 4311 (lässt jetzt ihren Arm los) Er ist frei, frei! Er kann
567 4128 894 4327 Elisa:
1042 4291 3542 4503 jeden Augenblick eine Anders heiraten,wenn es ihm be-
1032 4465 3468 4663 liebt. - In vierzehn oder auch in acht Tagen können
1038 4638 2019 4846 Sie Karls Frau sein.
1038 4769 3590 5041 Sind sie denn - Ich weiss wirklich nicht mehr - Adieu.
574 4804 875 4974 Marie:
1029 5000 1622 5163 (Es klopft)
