3960 5576
533 507 3040 737 raus,und schlägt es auf. Jetzt klopft es an die Tür,)
522 715 855 870 Elisa:
1000 722 3503 896 (schrickt zusammen) Wie? - Ja!Gleich!- Bist du's Karl?
992 866 3488 1081 Ich kleide mich nur eben an. Gleich, gleich! (sie ver-
981 1040 3391 1263 birgt das Gebetbuch rasch wieder in der untersten
3206 1218 3377 1411 G.H.F.P.
2677 1237 2951 1451 2 a 2
1000 1233 2133 1437 Lade der Kommode)
518 1381 3488 1640 Stimme Mariens: (draussen vor der Tür) Ich bin's, ich, Marie. Aber
981 1577 3499 1803 Sie brauchen sich nicht zu beeilen, Frau Elisa; es ist
981 1773 1840 1959 nichts Wichtiges.
504 1933 822 2110 Elisa:
992 1951 3417 2162 (aufatmend, ist damit beschäftigt auf das Gebetbuch
989 2110 3458 2310 einige Wäschestücke und dergleichen zu legen) Ah, Sie,
981 2266 3484 2481 Marie! Kommen Sie doch herein. (als fiele es ihr eben
970 2473 3503 2655 ein) Richtig, ich habe ja zugesperrt. Nur einen Augen-
974 2632 3466 2829 blick. (sie schliesst die Lade, öffnet rasch ihre Bru-
970 2814 3543 3047 se am Hals, eilt zur Türe, schliesst auf, lässt Marie ein-
966 3018 1340 3199 treten)
500 3188 796 3332 Marie:
955 3199 3436 3358 (die Tochter des Wirtes, 24, einfach, sehr nett, hübsch;
948 3351 2766 3547 eine Zeitung in der Hand) Guten Abend.
485 3547 789 3721 Elisa:
959 3473 3514 3710 (knöpft die Bluse wieder zu, als würde sie eben mit dem
952 3717 3284 3925 Ankleiden fertig) Guten Abend, Fräulein Marie; ich
959 3917 3143 4080 dachte, Karl wäre schon von der Strecke zurück.
496 4054 778 4213 Marie:
952 4043 2344 4291 Dazu ist's wohl noch zu früh.
463 4258 796 4424 Elisa:
933 4239 2429 4473 Freilich. Wie spät ist es denn?
470 4436 785 4587 Marie:
948 4406 3454 4632 Eben ist der Schnellzug aus der Station fortgefahren.
933 4606 2336 4817 Es muss fünf Uhr vorbei sein.
452 4791 778 4935 Elisa:
937 4761 2795 4976 (zerstreut) Sind viel Leute angekommen?
467 4980 774 5165 Marie:
911 4965 3425 5228 Bei uns ist jedenfalls niemand abgestiegen. Uebrigens
