4056 5608
3287 320 3445 513 54
1031 471 3569 747 Keine Angst! Du hast ihn nicht umgebracht.. Ich weiss.
557 528 800 737 ri:
1038 709 3515 940 (beginnt zu verstehen, beinahe unhörb ar, mehr mit Blick
573 775 870 936 Elisa:
2455 861 3486 1069 geben ihn gelegen. Ver.
1038 899 2389 1129 und Geste) Du - Du! ist
1050 1016 3414 1297 Ich 2t ja? Und da hat die Brieftasche hervorgeschau
563 1057 851 1303 Karl:
1050 1186 3509 1414 Du? Du hast uns zusammen gesehen- Du bist uns nachge-
576 1322 880 1506 Elisa:
1031 1411 3426 1604 gangen? Du hast uns gesehen? Du hast uns belauscht?
1038 1566 3436 1775 Du hast mich davon gehen lassen - und dann gewartet
3040 1746 3480 1917 G:A:S:
1060 1743 2971 1981 bis er schläft - du, du Schuft, du feiger!
1050 1908 3360 2173 Ich hab Buch nicht belauscht - Ich hab Euch nicht
576 1993 838 2170 Karl:
1057 2120 3509 2316 gesehn - Ich bin kein Schuft, Elisa. Nichts hab ich ge-
1057 2278 3540 2477 wusst, gar nichts. Wenn ich nur eine Ahnung gehabt hät-
1066 2474 3433 2651 te,wie leicht du dir dein Geld verdienst,bei allen
3104 2632 3278 2797 hab
1041 2635 2563 2866 Heiligen, ich hätt’s nicht getan.
1057 2835 2544 3018 Du - hast ihn umgebracht, du?
579 2870 892 3031 Elisa:
1057 2996 3445 3202 Es war ein hübscher Kerl, ja. Und so fein angezogen.
585 3078 857 3246 Karl:
1073 3211 3540 3382 Meiner Seel, wie er da auf der Wiese lag, du kennst sie
1063 3347 3426 3550 ja... er war wohl sehr müde von deinen Küssen? von
1066 3534 3486 3721 deinen Küssen auf der grünen Wiese im Sonnenschein -
1079 3733 3486 3891 Nicht gerührt, Elisa! Er schlief tief und fest. Wenn
1041 3876 3540 4167 ich gewusst hätte, wer da liegt, dass vor einer Stunde,
1073 4037 3613 4281 oder einer halben - Aber nichts heb ich gewusst. Keine
3145 4243 3417 4391 und pf
1082 4252 2667 4464 blasse Ahnung hab ich gehabt.
1085 4417 3037 4629 Und im Schlaff, im Schlaf hast du ihn -
604 4480 905 4641 Elisa:
1066 4568 3442 4806 Es wäre vielleicht besser gewesen. Aber er ist er-
604 4686 867 4885 Karl:
2711 4746 3521 4958 so so lange, und habe
1082 4787 1901 5002 wacht.
1079 4929 3202 5166 So rede doch. Villst & nicht endlich? Rede!
607 4932 924 5189 Elisa:
