3800 5576
3082 227 3263 514 19,
833 491 3375 721 Warum wie Sie eine sind? Sie haben doch sein Wanderle-
352 537 675 787 Marie:
2914 672 3398 830 a ich nicht
836 701 2818 935 ben schon manches Jahr geteilt.
830 902 3381 1044 Ja, das hab ich getan! Vier volle Jahre geht das schon.
352 928 665 1123 Elisa:
826 1040 3220 1254 Aber wie satt ich dieses Wanderleben bin, das weiss
2884 1222 3279 1363 lung vor
1541 1251 1841 1396 Herr O
846 1271 1475 1442 kein Mensch.
840 1406 3250 1587 Was Sie heute nur haben, Frau Elisa.
372 1482 672 1600 Marie:
836 1603 3404 1761 Nun, was hab ich denn? Manchmal kommt's eben über einen.
382 1643 688 1831 Elisa:
840 1785 3395 1933 Es ist mir freilich nicht an der Wiege gesungen worden,
846 1979 3316 2117 dass ich mit sechsundzwanzig Jahren so eine Existenz
846 2127 3388 2298 führen werde; nicht um ein Haar besser als irgend eine
840 2262 3312 2515 gemeine Arbeitersfrau. Im vorigen Jahr ist es uns ja
859 2476 3345 2664 besser gegangen. Bei der Tauernbahn war die Bezahlung
859 2660 3362 2835 beinahe doppelt so gross. Aber im Winter haben wir ge-
853 2855 3503 3029 hungert! Und die letzten Monate hier in dem Nest - trotz
866 3026 3375 3246 der guten Behandlung hier im Hause, für die wir natür-
2920 3187 3121 3329 dann
849 3194 2311 3401 lich ewig dankbar sein werden-
853 3352 2858 3553 So habe ich Sie ja nie gesehen, Frau Elisa.
382 3395 691 3562 Marie:
859 3562 3273 3747 Einmal redt' man sich's halt von der Seele. Nein, es
392 3622 695 3793 Elisa:
853 3714 3233 3905 ist kein Leben. Für mich gewiss nicht; und für ihn
869 3905 3395 4083 auch nicht, wenigstens, so lang er mit mir zusammen ist,
859 4096 3339 4310 Es liegt eben daran, dass ich nicht die richtige Frau
1719 4287 3260 4415 ine Andere heiraten, wenn es ihm b
866 4267 1663 4438 für ihn bin.
866 4451 3306 4679 (fast erschrocken) Wie können Sie das - Er liebt
405 4481 708 4656 Marie:
869 4649 1844 4781 Sie so sehr -
866 4791 3368 4988 Das weiss ich, Glauben Sie, sonst hätt' ich's so lang
405 4807 731 5021 Elisa:
