4040 5624
3303 336 3520 571 29
989 567 3385 840 und zwar umso weniger, je mehr sie den armen jungen
997 784 3479 1053 Mann ermordet haben, darauf können Sie ruhig Gift neh-
970 970 3479 1165 men. Wenn sie schuldig sind, haben sie die halbe Stun-
982 1168 3363 1396 de benützt, um das Geld zu vergraben. Und in dieser
993 1329 2740 1545 Richtung wird auch die Untersuchung -
1000 1523 2139 1732 (Töff-Töf eines Autos)
530 1687 2221 1915 Stimme von unten: Herr Wachtmeister!
989 1870 2941 2068 (am Fenster) Das ist der Herr Kommissär.
530 1885 799 2049 Wirt:
530 2019 3527 2240 Wachtmeister: (mit einem Ruck) Der Kommissär! Herr Oberaufseher,
982 2232 3490 2393 halten Sie sich bereit. Eine Aussage wird Ihnen nicht
1000 2400 3445 2583 erspart bleiben. Ihre Verantwortung ist gross. Scho-
989 2542 3400 2777 nan Sie keinen, es kann einer der tüchtigste Arbeiter
1000 2762 3434 2941 sein und doch ein fürchterliches Verbrechen begehen.
982 2896 3445 3150 (er spricht das folgende Vort deutsch aus) Moral in-
1000 3072 3479 3277 sanity. Bedenken Sie das. (ab. Der Wirt folgt ihm mit
1004 3296 1310 3497 Marie)
1004 3449 2758 3662 (hat Elisa die ganze Zeit beobachtet)
530 3471 791 3647 Karl:
1000 3665 1601 3830 Karl.-Elisa.
989 3815 1329 4031 Elisa!
530 3807 795 3990 Karl:
993 3998 1709 4199 Was willst du?
530 4016 832 4165 Elisa:
1000 4136 2396 4386 Warum bist du blass geworden?
534 4203 784 4412 Karl:
989 4341 3404 4557 Ich bin nicht - Bin ich denn blass geworden? (sie)
534 4386 851 4598 Elisa:
1000 4524 2415 4733 lacht und berührt ihre Wange)
982 4710 3367 4923 Elisa! Du sinkst ja hin. Nie hab ich dich so - Was
515 4725 802 4890 Karl:
993 4886 1933 5128 ist dir, Elisa?
