4088 5688
1029 494 3542 775 so wird dir das wie der reine Bettel vorkommen!
1063 689 3473 950 (draussen) Der Herr Kommissär lässt Sie rufen, Herr
610 806 909 1005 Marie:
1094 857 2949 1149 Dengler. Er ist unten in der Gaststube.
1090 1083 3405 1296 Sofort, Fräulein Marie. Will mir nur den schwarzen
627 1128 915 1334 Karl:
1094 1245 3532 1430 Rock anziehen zum Verhör. Das schickt sich doch wohl.
1039 1365 3789 1502 C. Zins Scheauk, mit reinen Rock, fürstetitiate, legt ihm an, alles in Ruhe.
1090 1454 3634 1649 Karl, ich beschwöre dich. Wir könnten es ja verbrennen.
624 1498 977 1656 Elisa
1104 1574 3473 1804 Karl! Das Ganze wird ein böser Traum gewesen sein.
737 1601 1025 1752 während
741 1711 974 1845 den 1
1107 1790 3634 1982 Du warst ja nicht bei Sinnen. Auch vor Gericht möchten
1094 1930 3535 2153 sie dich ja freisprechen. Es war ja Notwehr.. Und
1121 2112 3631 2362 siehst du denn nicht, dass, daß ich ihn nie geliebt ha-
1118 2287 3549 2534 be. Ich denke ja gar nicht mehr an ihn. Nur an dich
1135 2489 3610 2671 denk ich. Es war ja nur - denk doch nur, wie du zu mir
1128 2637 3525 2866 warst all die Zeit.- Wie hab ich denn ahnen können.
1128 2770 3638 3052 Ich hab dich ja immer geliebt. Und ich werde dir eine
1142 3014 3645 3237 treue Frau sein. Auf den Knieen werd ich dir mein gan-
1142 3168 3600 3388 zes Leben lang  - - Verzeih mir, verzeih mir! Und wenn
1155 3353 3586 3569 du mir nicht verzeihen kannst, Karl, so werden wir zu-
1149 3511 3658 3761 sammen sterben. Ja,Karl? Bald. Morgen,wenn du willst.
1173 3696 3576 4005 Nun lass uns noch einmal glücklich sein. Ich hab ja
1176 3881 3172 4149 nicht geshnt - ich - (auf den Knien)
3244 3847 3521 4073 bitte.
713 3953 967 4183 P.S
1169 4039 3600 4269 Du hast nichts zu tun als zu schweigen, verstehst du.
686 4145 960 4334 Karl:
1155 4255 3648 4447 Nichts anderes! Ich rate dir gut. Sonst bleibt's doch
730 4324 994 4512 wacht
1166 4389 3658 4653 nicht aus, dass sie dich auf eine Weile wenigstens un-
1176 4584 3621 4793 ter dem Verdacht der Mitschuld und der Hehlerei ein-
1176 4787 3665 5030 sperren. Und es wäre doch schade auch nur noch einen
1179 4961 3720 5215 Tag zu verlieren. Keine Stunde mehr, Elisa. Es gilt, die
