4040 5576
581 489 917 698 Marie:
1057 425 3437 698 Es muss nicht schön sein sich so in der Welt herum-
1044 711 3155 889 schlagen und nirgends dauernd unterzukommen -
574 828 885 1054 Elisa:
1044 851 2644 1089 Das liegt nun einmal in dem Beruf.
574 1025 873 1174 Marie:
1031 1047 3526 1231 Es müsste doch nicht so sein. Es gibt doch auch feste
1035 1238 3437 1387 Stellungen für... für Oberaufseher, die Technik stu-
1041 1362 1631 1571 diert haben.
555 1558 870 1784 Elisa:
1038 1546 3580 1780 Freilich gibt es, aber Karl kriegt keine. Nein. So lang
1022 1765 3447 1920 ich - ich bring ihm kein Glück. Wahrhaftig, nein.
1022 1933 3567 2079 Was lächeln Sie denn so bedeutungsvoll? Hätten Sie ihm
1031 2098 2860 2317 am Ende schon eine Stellung verschafft?
1025 2301 3491 2460 So weit ist's freilich noch nicht. Aber das darf ich
546 2263 857 2428 Marie:
1009 2450 3523 2666 Ihnen wohl sagen, dass ein Verwandter von uns, ein Beam-
1025 2650 3501 2831 ter von der Eisenbahndirektion in Innsbruck, dem Vater
1009 2802 2618 3006 versprochen hat sich zu verwenden.
3485 2853 3656 3015 G.H.F.P
520 2993 851 3132 Elisa:
1009 2986 3529 3164 So, hat er versprochen. Das haben wir auch schon manch-
1003 3155 2983 3374 mal erlebt, dass uns was versprochen wurde.
530 3345 835 3542 Marie:
1000 3320 3475 3504 Wir erwarten in diesen Tagen einen Brief. Es ist näm-
990 3488 3028 3739 lich ein Bruder meiner verstorbenen Mutter.
520 3701 835 3834 Elisa:
1003 3701 3539 3881 Und nehmen wir nun einmal den Fall, Fräulein Marie, Kaal
984 3872 3393 4050 bekäme schon so eine Stellung und müsste nicht alle
981 4047 3440 4262 Viertel- oder Halbejahr sich um was Neues umsehen und
968 4243 3409 4412 man könnte jeden Mittag was Warmes essen, um was wärt
978 4408 2015 4624 man dann schon weiter?
492 4551 812 4713 Marie:
974 4573 2295 4770 Ich glaube doch, Frau Elisa.
492 4767 812 4973 Elisa:
974 4754 3501 4970 Ja, wenn Karl für sich allein wäre, aber mit einer Frau-
968 4945 2885 5173 und gar mit einer Frau, wie ich eine bin.
