4056 5624
2301 540 3456 812 hoh, ob ich nicht vor dem
1031 616 2177 851 Was fällt dir dann ein?
568 632 892 838 Elisa:
1047 774 2888 1028 (sie bei der Hand nehmend)
581 895 844 1016 Karl:
1057 984 3510 1152 Was willst du von mir? Bist du verrückt? Ah! (reisst
584 1054 885 1200 Elisa:
1031 1155 2317 1352 sich los, will zum Fenster)
600 1241 790 1396 G.C.H.F.P
1044 1330 3469 1530 Bleibe! Bleibe! Das ist eine Sache zwischen dir und
578 1400 832 1584 Karl:
3393 1546 3558 1676 G.H.F.P
1057 1552 1282 1704 mir.
1063 1663 2590 1901 Was für eine Sache? Du bist ja -
587 1717 892 1885 Elisa:
1051 1831 3599 2041 (sie bei beiden Händen nehmend) Sag mir die Wahrheit.
597 1904 857 2069 Karl:
1057 2028 3437 2212 Welche Wahrheit? Was geht mich all das an? Bist du
597 2088 895 2250 Elisa:
1070 2203 3120 2441 toll? Denkst du etwa, ich habe ihn ermordet?
1066 2415 3513 2625 Nein! Das denk ich nicht. Dass du ihn ermordet hast
587 2463 854 2615 Karl:
1057 2583 3056 2761 glaub ich nicht. Aber du hast ihn gekannt.
1076 2736 3440 2967 Wen kann ich? Ich kenneniemanden hier. Woher sollt
609 2774 911 2942 Elisa:
1070 2926 3437 3104 ich jemanden kennen? Ich weiss ja gar nicht, wer es
1066 3110 3555 3329 ist. Weisst du,wer es ist? Hast du ihn gekannt? Nie-
1076 3282 3539 3453 mand hat uns gesagt wer es ist. Ein junger Mann. Nun
1082 3463 3570 3653 ja. Was weiter? Es gibt viele junge Männer hier. Ein
1076 3666 3609 3812 Hofratssohn. Woher soll ich einen Hofratssohn kennen?
1085 3783 3529 3983 Was kummert mich das Berghotel? Was kümmern mich die
1070 4005 1863 4231 Leute dort oben?
1082 4126 3580 4335 Wo warst du heut? Was hast du den ganzen Tag gemacht?
622 4234 863 4377 Karl:
1076 4323 3605 4542 Was soll ich denn machen? Da, in dem Zimmer bin ich ge-
606 4367 924 4586 Elisa:
1085 4485 3545 4707 sessen und eine Weile bin ich spazieren gegangen, die
1079 4675 3558 4926 Strasse gegen den Kalterersee mit - mit Marie.
1079 4856 1946 5119 Es ist nicht wahr.
603 4869 870 5091 Karl:
