3816 5672
3081 274 3236 619 15
797 597 3197 807 für Tag sieht - Oh, nehmen Sie mir's nicht übel, ich
810 787 3355 1029 weiss schon, bei ihnen ist das anders. Wenn ich so wäre
813 932 3317 1207 wie Sie - ach ja.- - Wir haben übrigens auch ein Kind
807 1139 3262 1339 gehabt. Das ist drei Tage nach der Geburt gestorben.
826 1323 3168 1545 In einem mährischen Dorf ist das passiert. Ich wär
826 1468 3226 1691 auch beinah draufgegangen. Ja, man macht viel durch.
823 1645 3194 1881 Aber nun, hab ich’s satt. Alles. Ich will auch kein
819 1823 3242 2078 Kind mehr haben. Nie. Dazu taug ich nicht. Und will
819 2029 3281 2265 nicht so hundemässig weiter existieren und zu alldem
839 2204 3297 2410 in der ewigen Angst leben, dass mich Karl einmal aus
836 2358 3333 2533 Eifersucht umbringt. Denn auch so was könnte mir blü-
832 2536 3433 2778 hen.Sehr leicht sogar. Ja, meine kleine Marie. Denn auch
845 2707 3397 2962 von der Treue hab ich genug. Oh, schon lange. Aber auch
852 2897 3275 3136 in dieser Hinsicht habe ich bisher nicht viel Glück
845 3081 3404 3249 gehabt. Na, all das soll jetzt anders werden. Gründlich
849 3255 3262 3381 anders. Was, Sie sehen mich an, Marie? Ja, so bin ich.
849 3397 3294 3630 Nun, begreifen Sie, dass Sie ein gutes Werk an ihm tä-
868 3626 2471 3849 ten,wenn Sie sich seiner annähmen?
2807 3642 3046 3794 danke
855 3755 3391 3981 (ausbrechend) Sie werden ihn nicht verlassen. Sie dür-
394 3775 697 3984 Marie:
868 3949 2807 4165 fen ihn nicht verlassen. Es wär sein Tod!
868 4146 3259 4346 Oh, daran stirbt man nicht. Und besonders,wenn Sie-
387 4191 707 4326 Elisa:
858 4346 3233 4539 Sie glauben doch nicht, ich könnte mich zu so etwas
394 4365 697 4497 Marie:
852 4526 3220 4739 hergeben? Selbst wenn er mir - selbst, wenn ich ihn
865 4701 1226 4823 liebte.
1271 4714 3223 4878 ist zur Gattin eines Oberaufsehers oder
861 4852 3268 4991 Er wird Sie geradeso gern haben mit der Zeit,wie er
394 4885 723 5020 Elisa:
