3816 5672
2900 360 3073 559 1717
951 486 3209 714 so wird dir das wie der reine Bettel vorkommen!
944 714 3348 929 (draussen) Der Herr Kommissär lässt Sie rufen, Herr
490 771 787 935 Marie:
957 913 2821 1121 Dengler. Er ist unten in der Gaststube.
957 1036 3282 1260 Sofort, Fräulein Marie. Will mir nur den schwarzen
486 1115 761 1270 Karl:
951 1222 3421 1428 Rock anziehen zum Verhör. Das schickt sich doch wohl.
960 1415 3490 1633 Karl, ich beschwöre dich. Wir könnten es ja verbrennen.
496 1469 805 1662 Elisa:
954 1624 3310 1785 Karl! Das Ganze wird ein böser Traum gewesen sein.
973 1813 3513 1962 Du warst ja nicht bei Sinnen. Auch vor Gericht möchten
967 1968 3320 2110 sie dich ja freisprechen. Es war ja Notwehr.. Und
970 2135 3475 2356 siehst du denn nicht, daß, dass ich ihn nie geliebt ha-
979 2341 3389 2470 be. Ich denke ja gar nicht mehr an ihn. Nur an dich
967 2476 3465 2644 denk ich. Es war ja nur - denk doch nur,wie du zu mir
986 2669 3389 2824 warst all die Zeit.- Wie hab ich denn ahnen können.
976 2846 3459 3051 Ich hab dich ja immer geliebt. Und ich werde dir eine
986 2998 3484 3168 treue Frau sein. Auf den Knien werd ich dir mein gan-
979 3231 3443 3383 zes Leben lang - - Verzeih mir, verzeih mir! Und wenn
995 3377 3418 3541 du mir nicht verzeihen kannst, Karl, so werden wir zu-
979 3566 3462 3712 sammen sterben. Ja,Karl? Bald. Morgen,wenn du willst.
992 3730 3402 3898 Nur lass uns noch einmal glücklich sein. Ich hab ja
992 3923 2998 4068 nicht geehnt - ich - auf den Knien)
998 4050 3449 4280 Du hast nichts zu tun als zu schweigen, verstehst du,
524 4113 796 4296 Karl:
992 4233 3475 4406 Nichts anderes! Ich rate dir gut. Sonst bleibt's doch
989 4432 3478 4593 nicht aus, dass sie dich auf eine Weile wenigstens un-
998 4612 3446 4801 ter dem Verdacht der Mitschuld und der Hehlerei ein-
1001 4757 3478 4975 sperren. Und es wäre doch schade auch nur noch einen
1001 4953 3538 5152 Tag zu verlieren. Keine Stunde mehr, Elisa. Es gilt, die
