4008 5576
3023 534 3229 699 tand e
603 597 852 822 Wirt:
1064 597 1677 815 (tritt sin)
1054 792 3637 955 Buchst du mich, Vater? Ich gehe gleich mit dir hinunter.
597 829 895 981 Marie:
1051 951 3527 1157 guten Abend, Herr Prandtner. Marie erzählt mir soeben,
603 965 892 1183 Elisa:
1044 1140 3179 1316 Sie wären so gütig sich für Karl zu bemühen -
1054 1293 3378 1505 (zu Marie) Warum hast du denn - So ein Mädel kann
590 1333 862 1548 Wirt:
1044 1498 3517 1691 nicht den Mund halten. (zu Elisa) Es ist leider noch
1041 1661 3381 1883 lange nicht sicher. Nicht deswegen - (sehr eilig)
1061 1843 3477 2092 Denkt Euch, was geschehen ist. Heut Nachmittag haben
1061 2025 3610 2231 sie Einen ermordet, im Wald gefunden, einen Gast aus dem
1041 2185 1548 2390 Berghotel.
1054 2360 1916 2589 Aus dem Berghotel?
583 2357 888 2589 Elisa:
1044 2566 3584 2785 Ja. Kaum eine halbe Stunde weit vom Hotel, ermordet und
583 2602 852 2768 Wirt:
1041 2705 1581 2927 beraubt....
570 2897 902 3106 Elisa:
1054 2887 1830 3106 Wer ist es denn?
1034 3093 3570 3262 Ein Hofrat oder Professor aus Wien soll es sein, so er-
570 3086 852 3342 Wirt:
1038 3242 3504 3434 zählen die Touristen, die eben vom Hotel herunterkom-
1031 3411 3438 3623 men. Die Kinder vom Hotelkoch haben die Leiche ent-
1598 3613 1966 3779 der xxx
1041 3617 1359 3806 deckt.
1044 3686 3454 4061 Und wann ist der Mord geschehen? Schon vor ein paar
557 3763 865 4041 Elisa:
1044 3958 1598 4170 Tagen? Wie?
1031 4144 3438 4376 Nein... Es soll erst vor ein paar Stunden passiert
560 4111 832 4329 Wirt:
1038 4319 3613 4528 sein. Man hat die Leiche ins Hotel transportiert.Uebri-
1024 4482 3690 4731 gens wissen die Touristen unten nichts Näheres. Sie haben
1024 4704 2748 4890 dtskänkshaxtnakkutnixtranspartisxtxx
1044 4843 2234 5026 die Leiche nicht gesehen.
2675 4774 3355 4996 Denn so ein Fa
