3816 5640
849 554 3277 742 Das ist ja furchtbar. So was ist in der Gegend noch
377 613 692 758 Marie:
1664 692 3359 931 ald Näheres erfahren. In einer Stunde
855 745 1695 962 nie vorgekommen.
859 871 3274 1104 Oh doch. Aber das ist schon lange her. Da warst du
384 972 651 1110 Wirt:
852 1038 3359 1286 noch nicht auf der Welt, Marie. Und Sie auch nicht, Frau
868 1249 3312 1440 Dengler.Ich war noch ein Bub, da hat hier einer seine
868 1381 3315 1620 Frau umgebracht, aus Eifersucht. Aber ein Raubmord, so
868 1557 3013 1799 was ist seit Menschengedenken nicht passiert.
2906 1736 3384 1944 wollen Sie
862 1793 2912 1972 Ein Professor sagen Sie? -ein älterer Herr?
396 1843 711 1994 Elisa:
1447 1937 3220 2120 Lassen, nach dieser Schaudergeschichte?
868 1975 1422 2167 Jedenfalls.
412 2025 679 2183 Wirt:
2654 2082 3309 2318 ten gibt's ja
871 2098 2610 2321 Und hat man eine Spur von dem Mörder?
418 2179 714 2406 Marie:
877 2274 3406 2507 Es scheint nicht. Was die Leute da unten reden, das hat
412 2378 664 2547 Wirt:
884 2450 3290 2705 natürlich gar keine Bedeutung. Die wissen ja selber
3003 2648 3283 2843 Morde
2220 2664 2569 2834 "so sch
399 2686 679 2853 Elisat
871 2689 1255 2897 nichts.
2516 2830 2673 3007 le
1887 2849 2060 3041 G.H.F.P
881 2840 1815 3079 Was reden Sie denn?
406 2928 723 3092 Elisa:
890 2975 3365 3230 Sie können sich’s ja denken. Bahnbau, italienische Ar-
412 3079 679 3302 Wirt:
890 3227 3362 3381 beiter. Ich hab sie aber gewarnt, dass sie nicht viel-
890 3384 3409 3563 leicht ohne Beweise - es könnt ihnen übel ergehen. Na,
884 3563 3290 3739 ich muss wieder hinunter. Guten Abend, Frau Dengler,
890 3692 3384 3912 Also, Sie kommen nur herauf, um einem eine so gruselige
406 3774 717 3944 Elisa:
2419 3875 3365 4079 en, dass Sie den Kafl
884 3903 2003 4129 Geschichte zu erzählen?
2157 4054 2632 4189 chts dran,
903 4066 3403 4283 Ich wollt, es wär was Lustigeres gewesen; aber bei sich
415 4151 686 4306 Wirt:
2755 4252 2944 4403 hiebt
896 4227 2843 4456 behalten kann man's doch wohl auch nicht.
3088 4422 3249 4523 hän
1274 4438 1488 4557 hier
890 4416 3368 4623 Na, Ihnen wird ja die Sache weiter nicht schaden, höch-
412 4516 733 4673 Elisa:
2003 4589 3340 4787 ich weiss. Nun, wenn ich nicht
896 4601 1937 4846 stens dem Hotel oben.
2689 4749 3145 4887 freundlich
896 4765 3321 5013 Mögl ich, obwohl es recht dumm wäre. Denn so ein Fall
425 4799 692 5032 Wirt:
1192 4982 3334 5189 seiner annehmen werden, umso rascher wird er
