3832 5624
785 345 2912 658 F.TrubyKing. P.D. J.C.R. N.Y.P.
2136 570 2598 782 sch, ob ich
861 595 1997 836 Was fällt dir denn ein?
392 627 709 864 Elisa:
851 750 2950 1013 (sie bei der Hand nehmend)
405 880 649 1095 Karl:
870 975 3342 1171 Was willst du von mir? Bist du verrückt? Ah! (reisst
399 1051 706 1184 Elisa:
867 1130 2152 1377 sich los, will zum Fenster)
861 1301 3295 1535 Bleibe! Bleibe! Das ist eine Sache zwischen dir und
411 1377 677 1564 Karl:
883 1582 1117 1709 mir.
2611 1633 2855 1839 besser
893 1658 2431 1861 Was für eine Sache? Du bist ja -
424 1690 722 1908 Elisa:
896 1817 3431 2035 (sie bei beiden Händen nehmend) Sag mir die Wahrheit.
418 1927 687 2057 Karl:
896 2054 3273 2212 Welche Wahrheit? Was geht mich all das an? Bist du
424 2102 725 2301 Elisa:
896 2184 2943 2380 toll? Denkst du etwa, ich habe ihn ermordet?
889 2418 3333 2567 Nein! Das denk ich nicht. Dass du ihn ermordet hast
424 2424 696 2602 Karl:
915 2589 2902 2769 glaub ich nicht. Aber du hast ihn gekannt.
905 2725 3273 2928 Wen kenn ich? Ich kenne niemanden hier. Woher sollt
443 2830 741 3000 Elisa:
918 2931 3317 3111 ich jemanden kennen? Ich weiss ja gar nicht, wer es
908 3105 3402 3295 ist. Weisst du,wer es ist? Hast du ihn gekannt? Nie-
908 3311 3387 3482 mand hat uns gesagt wer es ist. Ein junger Mann. Nun
937 3434 3396 3630 ja. Was weiter? Es gibt viele junge Männer hier. Ein
915 3618 3428 3795 Hofratssohn. Woher soll ich einen Hofratssohn kennen?
931 3741 3387 3982 Was kÜmmert mich das Berghotel? Was kümmern mich die
924 4023 1731 4200 Leute dort oben?
924 4099 3431 4349 Wo warst du heut? Was hast du den ganzen Tag gemacht?
459 4235 725 4387 Karl:
924 4304 3469 4532 Was soll ich denn machen? Da, in dem Zimmer bin ich ge-
465 4399 779 4542 Elisa:
927 4453 3409 4697 sessen und eine Weile bin ich spazieren gegangen, die
937 4653 3146 4896 Strasse gegen den Kalterersee mit - mit Marie.
937 4887 1807 5086 Es ist nicht wahr.
468 4928 744 5089 Karl:
