4024 5640
3242 336 3447 590 28
1050 325 1371 538 1er à feuil.
1457 310 1617 594 l'
982 624 3526 837 Reisender, ein Millionär, ei Hofratssohn. Die Bösewich-
2248 825 2514 1038 können
1001 833 1811 1064 te erwürgen ihn -
2827 975 3459 1184 e halbe Stan¬
1001 1020 1464 1225 Erwürgen?
542 1012 803 1218 Wirt:
527 1128 3470 1389 Wachtmeister: Janohl - erwürgen ihn, rauben ihm zweihundert Kro-
994 1367 3440 1546 nen und suchen das Weite. Nach allen Windrichtungen
994 1561 3515 1737 ist telegraphiert, der Bahnhof wird beobachtet und ich
1012 1714 3466 1946 sollte hier die Hände in den Schoss legen, denken Sie
1005 1909 1274 2103 wohl?
1001 2009 3488 2241 Ein Millionär sagen Sie, Herr Wachtmeister? Und hatte
549 2073 829 2323 Wirt:
1005 2226 2536 2443 nur zweihundert Kronen bei sich?
1023 2443 3515 2596 Und wieso weiss man das so genau, dass ihm gerade zwei-
542 2458 818 2637 Karl:
1016 2566 2689 2775 hundert Kronen geraubt worden sind?
553 2715 3474 2966 Wachtmeister: Wieso man das weiss? durch Nachforschungen, durch
1035 2954 3432 3137 sogenannte Recherchen.Die Mutter des Ermordeten hat
1023 3115 3533 3332 ausgesagt, dass sie ihm heute Morgens zwei Banknoten a
1012 3313 3496 3485 hundert Kronen gab; es war sein Taschengeld,offenbar.
1027 3470 3362 3694 Diese zweihundert Kronen sind aus der Brieftasche
1035 3664 3406 3862 verschwunden. Kleingeld im Betrage von zwei Kronen
1031 3813 3477 4049 und etlichen Hellern sind bei dem jungen Mann gefun-
1031 4015 1606 4247 den worden.
1035 4194 3488 4377 Nun aber muss ich doch fragen, wenn die Beiden da un-
571 4191 889 4411 Elisa:
1061 4344 3571 4568 ten verdächtigt werden, warum durchsucht man sie nicht?
571 4594 3571 4777 Wachtmeister: Frau Oberaufseherin, Sie stellen sich die Gerichts-
1042 4755 3530 4919 barkeit etwas leichter vor als sie ist. Dass die bei-
542 4762 717 4912 G.F.P.
1035 4889 3559 5132 den Kerle die zweihundert Kronen nicht bei sich haben
