4040 5640
1020 528 3405 818 meister, seien Sie nicht voreilig. Die Beiden haben
1020 796 3559 987 gehört, dass sie verdächtigt werden und sind rasend vor
1020 939 3478 1130 Wut. Und dass sie unschuldig sind ist ja jetzt zwei-
1020 1130 3467 1306 fellos. Wären sie sonst da? Und wenn man sie reizt,
1035 1310 2319 1537 ich stehe nicht dafür ein -
572 1504 3496 1717 Wachtmeister: Sie denken wohl, die Beiden würden sich an mir rü-
1038 1655 3485 1871 chen? Und Sie meinen, derartige Bedenken könnten mich
1042 1834 3515 2036 veranlassen - Ich mache Sie aufmerksam, Herr Wirt, dass
1031 2014 3346 2209 ich früher Wachtmeister in einem Dragonerregiment
1038 2227 1244 2374 war.
1020 2333 3496 2586 Herr Wachtmeister, die Beiden denken ja nicht dran da-
565 2421 825 2590 Wirt:
1049 2535 3471 2737 vonzulaufen. Sie zu arretieren wäre höchst verfehlt.
1024 2733 3342 2924 (mit plötzlicher Heftigkeit) Und überhaupt, warum
554 2711 840 2924 Karl:
1042 2880 3467 3096 sollen es Arbeiten und gerade Arbeiter von mir sein?
572 3082 3515 3258 Wachtmeister: Es besteht der dringende Verdacht. Der Tatort ist
1038 3254 3555 3445 dreihundert Meter weit von Ihrer Strecke, Herr Oberauf-
1031 3427 3361 3639 seher. Ich werde mich nicht abhalten lassen meine
3008 3599 3339 3724 zu ent¬
1024 3614 1772 3860 Pflicht zu tun.
1038 3713 3463 3973 Dann wär es Ihre Pfl icht alle Arbeiter einzusperren
561 3834 836 3999 Karl:
3159 3929 3551 4083 Bedenken
1812 3966 2088 4109 mit le
1049 3955 1746 4182 und mich dazu.
1027 4113 3430 4391 (von unten) He, Herr Wachtmeister! Was ist's nun ei-
569 4179 925 4395 Stimme:
1038 4336 1501 4516 gentlich?
558 4509 3397 4674 Zweite Stimme: Wollen Sie uns wirklich verhaften lassen, Herr
1038 4692 1699 4887 Wachtmeister?
558 4773 3467 5048 Erste Stimme! Weil wir um eine halbe Stunde später von der Ar-
2597 5023 3331 5221 ihn kräht, nein,
