3816 5672
922 516 3383 755 (eine Weile unschlüssig, stürzt plötzlich wie mahnsin-
495 559 762 783 lisa:
912 730 3373 979 nig zwischen den Leuten, die vor der Türe angesammelt
919 926 1496 1090 sind, davon)
919 1008 3323 1300 Nun, Herr Wachtmeister, was zögern Sie? Hier sind die
459 1093 734 1282 Karl:
915 1222 2774 1471 zweihundert Kronen. Der Mörder bin ich!
470 1403 3330 1610 Wachtmeister: Platz da! Herr Oberaufseher Bengler, ich erkläre
929 1603 2835 1798 Sie für verhaftet im Namen des Gesetzes.
929 1738 3351 2005 (die im Zimmer nahe der Türe steht, sinkt ohnmächtig
467 1763 776 1976 Marie:
919 1973 2240 2229 in die Arme ihres Vaters).
1731 2400 2450 2536 Vorhang.
1731 2500 2482 2696 ̃"̃ ̃̃'̃-̃ -̃
