4072 5592
2158 293 2936 530 Votre très-ci les mêmes.
979 504 3496 755 Warum wie sie eine sind? Sie haben doch sein Wanderle-
524 573 827 794 Marie:
975 755 2501 942 ben schon manches Jahr geteilt.
985 936 3532 1081 Ja, das hab ich getan! Vier volle Jahre geht das schon.
517 962 827 1124 Elisa:
985 1071 3400 1315 Aber wie satt ich dieses Wanderleben bin, das weiss
998 1272 1605 1443 kein Mensch.
1002 1407 2689 1634 Was Sie heute nur haben, Frau Elisa.
550 1460 837 1601 Marie:
998 1601 3601 1763 Nun, was hab ich denn? Manchmal kommt's oben über einen
534 1661 847 1809 Elisa:
995 1783 3555 1993 Es ist mir freilich nicht an der Wiege gesungen worden,
998 1974 3480 2158 dass ich mit sechsundzwanzig Jahren so eine Existenz
1015 2099 3529 2310 führen werde; nicht um ein Haar besser als irgend eins
1002 2310 3476 2514 gemeine Arbeitersfrau. Im vorigen Jahr ist es uns ja
1018 2484 3532 2679 besser gegangen. Bei der Tauernbahn war die Bezahlung
1012 2682 3526 2830 beinahe doppelt so gross. Aber im Winter haben wir ge-
1008 2870 3654 3008 hungert! Und die letzten Monate hier in dem Nest - trotz
1018 3008 3516 3173 der guten Behandlung hier im Hause, für die wir natür-
1008 3199 2445 3387 lich ewig dankbar sein werden-
1028 3384 3025 3529 So habe ich Sie ja nie gesehen, Frau Elisa.
554 3443 853 3559 Marie:
1021 3542 3427 3723 Einmal redt' man sich's halt von der Seele. Nein, es
560 3608 860 3753 Elisa:
1028 3773 3404 3934 ist kein Leben. Für mich gewiss nicht, und für ihn
1021 3905 3559 4083 auch nicht, wenigstens, so lang er mit mir zusammen ist,
1018 4043 3506 4264 Es liegt eben daran, dass ich nicht die richtige Frau
1021 4267 1638 4455 für ihn bin.
1021 4389 3463 4653 (fast erschrocken) Wie können Sie das - - Er liebt
554 4488 870 4659 Marie:
1028 4610 1773 4847 Sie so sehr - -
1028 4748 3539 5025 Das weiss ich. Glauben Sie, sonst hätt' ich's so lang
554 4827 886 5015 Elisa:
