3816 5624
3079 267 3250 490 28
1614 345 2118 568 : 1, 1   = = =
2293 386 2667 653 : 1:10:15
820 575 3369 824 Reisender,ein Millionär, ein Hofratssohn. Die Bösewich-
838 790 2026 1043 te erwürgen ihn -
2463 953 2820 1187 wie die
1747 972 2100 1172 dig sind
850 1013 1306 1191 Erwürgen?
386 1065 646 1198 Wirt:
378 1117 3320 1373 Wachtmeister: Janohl - erwürgen ihn,rauben ihm zweihundert Kro-
838 1332 3272 1569 nen und suchen das Weite. Nach allen Windrichtungen
846 1484 3350 1703 ist telegraphiert, der Bahnhof wird beobachtet und ich
850 1703 3298 1859 sollte hier die Hände in den Schoss legen, denken Sie
857 1862 1124 2081 wohl?
864 1970 3339 2245 Ein Millionär sagen Sie, Herr Wachtmeister? Und hatte
412 2037 679 2274 Wirt:
864 2196 2393 2430 nur zweihundert Kronen bei sich?
894 2371 3384 2575 Und wieso weiss man das so genau, dass ihm gerade zwei-
401 2449 675 2642 Karl:
876 2541 2538 2731 hundert Kronen geraubt worden sind?
412 2734 3328 2972 Wachtmeister: Wieso man das weiss? durch Nachforschungen, durch
879 2916 3306 3105 sogenannte Recherchen.Die Mutter des Ermordeten hat
898 3098 3387 3320 ausgesagt, dass sie ihm heute Morgens zwei Banknoten a
898 3265 3387 3469 hundert Kronen gab; es war sein Taschengeld,offenbar.
890 3469 3213 3684 Diese zweihundert Kronen sind aus der Brieftasche
902 3588 3276 3821 verschwunden. Kleingeld im Betrage von zwei Kronen
905 3832 3339 4033 und etlichen Hellern sind bei dem jungen Mann gefun-
913 4018 1458 4211 den worden.
916 4177 3369 4356 Nun aber muss ich doch fragen, wenn die Beiden da un-
449 4196 772 4378 Elisa:
935 4285 3461 4552 ten verdächtigt werden,warum durchsucht man sie nicht?
464 4493 3450 4753 Wachtmeister: Frau Oberaufseherin,Sie stellen sich die Gerichts-
924 4660 3421 4931 barkeit etwas leichter vor als sie ist. Dass die bei-
935 4908 3443 5094 den Kerle die zweihundert Kronen nicht bei sich haben
