3816 5576
3074 315 3382 560 37
908 511 3412 741 warum - weisst du denn—? Ich hab ja nicht geehnt. Ich
908 669 3432 898 hab mir gedacht.Karl, die ganze letzte Zeit hab ich ge-
914 865 2511 1032 dacht, du hältst es mit der Marie.
442 993 701 1223 Karl:
908 1059 1462 1226 (lacht auf)
895 1193 3353 1409 Ich schwör's dir. Ich habe mir eingebildet, du willst
436 1216 737 1449 Elisa:
914 1390 3359 1576 von mir nichts mehr wissen. Du warst ja - Ich hab ja
888 1596 3300 1773 nicht geshnt, dass du mich noch liebst... so liebes
882 1770 3418 1950 bis zum Verbrechen. Dass du meinetwegen - Wenn ich das
895 1934 3415 2124 geahnt hätte, Karl,wenn - - Aber es kann ja noch alles,
888 2078 3392 2314 es wird alles gut werden. Keiner weiss es, Karl, keiner
888 2281 2491 2488 denkt an dich. Versteck das Geld!
882 2432 3451 2658 Und jetzt käm es grade recht für eine kleine Hochzeit xxx
416 2468 678 2619 Karl:
878 2665 2891 2799 reise. Nähmst sogar mit mir vorlieb - wie?
410 2773 724 2969 Elisa;
888 2819 1164 2989 Karl!
413 2992 675 3120 Karl:
872 2992 3369 3146 Es wird nicht gehen, Elisa. Ich dürfte verhindert sein.
888 3196 3287 3333 Und auch der Andere ist leider tot. Ein so hübscher
872 3353 3310 3530 junger Mensch. Und splendid... Aber was liegt daran.
859 3540 3314 3694 Es gibt Andere, hundert, tausend hübsche, reiche junge
859 3704 2792 3904 Leute, kann dir doch egal sein,du - du -!
878 3864 1452 4041 (Es klopft)
865 4071 3330 4208 Versteck's! Wir spredhen dann weiter. In den Schuh.
400 4058 701 4221 Elisa:
859 4235 3251 4418 Du kan nst es dir dann noch immer überlegen. Aber -
390 4382 695 4579 Marie:
872 4425 2130 4608 (draussen) Herr Deugler!
2212 4405 2379 4634 ein
387 4598 675 4769 Karl:
862 4575 2615 4808 Nur einen Augenblick, Fräulein Marie.
846 4723 3481 4965 Karl,Karl, alles wird wieder gut. Ich, ich liebe dich ja
383 4756 695 4906 Elisa:
387 4956 665 5126 Karl:
849 4942 3317 5185 (als hörte er es nicht) Es dauert nicht mehr lang,
