3976 5640
537 605 859 784 Elisa:
1020 530 3500 805 (eine Weile unschlüssig, stürzt plötzlich wie mehnsin-
1013 723 3482 995 nig zwischen den Leuten, die vor der Türe angesammelt
1002 938 1578 1152 sind, davon)
1013 1041 3432 1321 Nun, Herr Wachtmeister, was zögern Sie? Hier sind die
551 1074 805 1324 Karl:
1013 1245 2877 1514 zweihundert Kronen. Der Mörder bin ich!
555 1353 3425 1682 Wachtmeister: Platz da! Herr Oberaufseher Bengler, ich erkläre
1013 1610 2949 1839 Sie für verhaftet im Namen des Gesetzes.
555 1725 859 2011 Marie:
1013 1782 3432 2065 (die im Zimmer nahe der Türe steht, sinkt ohnmächtig
1006 1965 2308 2251 in die Arme ihres Vaters).
1782 2358 2505 2595 Vorhang.
1832 2559 2351 2745 ̃ ̃̃-̃==-=- x============
