4040 5544
3254 355 3424 554 24
1026 551 3395 783 Herr Oberaufseher, Dreihundert Meter weit davon, in
1026 718 3707 957 einer Waldeslichtung. Und ich komme Sie fragen, Herr Hugler
1018 920 3388 1131 ob Ihnen nicht vielleicht aufgefallen ist, dass die
1018 1076 3479 1308 zwei Genannten oder andere sich im Laufe der Arbeits-
1011 1268 3131 1478 zeit auf eine längere Weile entfernt hätten.
540 1446 797 1645 Karl:
1015 1450 3443 1671 Nicht dass ich wüsste. Natürlich hat man nicht immer
1007 1663 3432 1848 alle im Auge... aber ich glaube nicht. Raso und Bar-
1007 1805 2946 2000 doni,es sind so fleissige,brave Arbeiter
529 1928 1594 2203 Wachtmeister: Oh, das -
536 2163 786 2319 Karl:
989 2167 3323 2366 Ich halte es für ausgeschlossen. Sie werden sehen,
1000 2341 2924 2558 in ein paar Minuten sind die Burschen da.
515 2511 3377 2700 Wachtmeister: Wir wollen hoffen. Obwohl auch eine solche Ver-
997 2714 3443 2866 spätung unter den obwaltenden Umständen - (auf eine
982 2856 3533 3051 Idee kommend) Uebrigens, Sie haben ja auch eine Mittags-
986 3044 1294 3236 | pause.
522 3189 765 3366 Karl:
982 3200 3319 3424 Ja. Selbstverständlich. So viel ich mich erinnere,
982 3410 3424 3595 blieben alle zusammen, wie gewöhnlich. Keineswegs hat
989 3573 3515 3790 sich einer weiter als zwanzig Schritte von der Strecke
862 3635 3424 3943 entfernt. Und Sie können sich ja denken, wie sich das
841 3921 3377 4138 mit der Mittagspause verhält, Herr Wachtmeister. Man
971 4113 3414 4309 schneidet sich ein Stück Wurst ab und isst ein stück
1681 4243 1928 4334 mait
964 4301 3515 4508 Brot dazu. Ich tue es auch nicht anders. Dann legt man
964 4468 3450 4653 sich für ein paar Minuten ins Gras hin, und dann fängt
960 4638 3312 4823 die Arbeit wieder an. Das ist unsere Mittagspause.
482 4812 3392 5008 Wachtmeister: Man legt sich ins Gras hin und schläft ein. Wach
