4024 5544
1034 465 3421 579 davon wollen. Ich hab ihn gern gehabt. Ja. das ist
2603 576 2804 687 gebri
2855 551 3552 703 ..Ich weiss.
1983 576 2209 684 ihn
1642 579 1935 700 Du has
1047 646 3386 767 nun einmal so. Frage die Marie. Grad hab ich's ihr
3358 716 3520 869 V. P.
2043 751 2279 872 bein
1041 840 3536 1006 erzählt. Von dem Geld weiss sie nichts. Aber, dass ich
1028 990 3587 1146 hab fort wollen, das weiss sie. Ich hab ihn gern gehabt
1041 1184 3491 1298 und er mich. Schon öfters haben wir uns gesehen. Zum
3179 1276 3472 1394 machge
1378 1279 1941 1397 haft uns zus
1022 1375 3475 1477 fünften oder sechsten Mal heute Morgen. Oefter noch.
1811 1451 2852 1582 uns gesehen? Du hast un
3179 1461 3354 1553 G.C.H.F.S.
1213 1451 1728 1582 en? Du hask
1034 1540 3523 1661 Jeden Morgen. Dort im Wald, wo sie ihn heut umgebracht
2848 1623 3342 1747 ann gewarte
1034 1620 1419 1754 Ou haat
1684 1636 1859 1741 G.C.H.F.P.P
2288 1629 2482 1738 G.C.F.F:F.P:
1034 1693 3587 1865 haben. Geliebt hab ich ihn, ja. Ist denn das eine Schan-
2546 1808 2832 1922 leige
1009 1887 3428 2046 da? Und darum habe ich nicht länger bei dir bleiben
2562 1976 3313 2100 h hab Euch nicht
1028 2072 3529 2190 wollen. Es war alles verabredet. Drum hat er mir heut
2575 2148 2813 2266 G.H.M. ct
1028 2266 3348 2352 Früh das Geld gebracht. Ein paar Stunden weit von
1563 2333 2221 2460 ichts. Wenn ich
2530 2342 2699 2447 G.H.F.P.
1009 2406 3488 2584 hier, da wollten wir uns treffen und miteinander fort-
2664 2514 2880 2622 Monsieur
1028 2606 3507 2766 reisen, weit fort - nach Wien oder Paris. Er mit mir.
1423 2686 1585 2820 G.C.F.P.
1009 2756 3513 2937 Er hat mich geliebt, verstehst du? Und die zweihundert
1009 2934 3463 3062 Kronen hat er mir gegeben, damit ich mir das Nötigste
563 3004 742 3198 G.C.F.P.
1009 3144 3510 3237 kaufen kann. Nun ja, natürlich. Schuhe vor allem, meine
1022 3310 3552 3447 sind ja hin, und ein Kleid und eine Billet für die Bahn.
1015 3478 3542 3603 Was willst du nun? Soll ich es dem Kommissär erzählen?
2600 3218 3278 3335 lag, du kanns
2533 3393 3345 3513 einen Küssen? vor
1738 3580 3332 3685 auf der grünen Wiese im Sonnenschein
996 3650 3545 3771 Er würde mir's nicht glauben. Niemand würd' es glauben.
3214 3762 3402 3873 Wann
2772 3752 3081 3867 zurück xxx
2126 3752 2361 3867 schl.
1002 3867 3370 3969 Sie würden alle glauben, dass ich ihn ermordet hab,
3179 3914 3408 4045 Stund
967 4035 3485 4134 Einsperren würden sie mich. Versteck das Geld, ich be-
3281 4109 3510 4226 Keind
2199 4102 2619 4233 nichts ha
1015 4198 3402 4350 schwöre dich! Sonst denken sie am Ende, du und ich -
1028 4296 1302 4408 blasse
2008 4290 2358 4405 gehabt.
1438 4290 1620 4401 G.H.F.P.
996 4338 3450 4522 bring du mich lieber um. Ich will nicht vor Gericht,
1674 4465 2705 4564 im Schlaf hast du ihn
993 4564 3523 4720 Ich will nicht ins Gefängnis, ich willnicht - Versteck
528 4611 687 4755 hij
1776 4646 2030 4761 votre avec
1002 4646 1276 4755 Es wäre
996 4723 1458 4869 das Geld!
531 4907 786 5028 Karl:
993 4914 3307 5082 Hab keine Angst, Elisa! Dir wird nichts geschehen.
2205 4993 2489 5137 nicht ein
