4008 5560
3246 318 3497 569 1817
1888 324 2470 648 11 / 1 / '11
2584 327 2963 613 G.C.R.M.U.I.
1036 693 3592 884 Das ist ja alles - nein, nein - Ich will, ich will alles
544 706 868 836 Marie:
1033 846 2152 1071 das nicht gehört haben.
2158 1020 3271 1186 ie. Wir sehen uns dann u
550 1024 868 1186 Elisa:
1027 1046 1484 1249 (lacht)
1558 1024 1739 1243 .F.V.H.
1020 1192 3439 1418 Sie haben mich bei der Hand gehalten, Sie habe mich
559 1224 868 1411 Marie:
1027 1351 3013 1583 nicht fortgelassen, glauben Sie nur nicht -
544 1532 871 1713 Elisa:
1036 1554 3547 1761 Geben Sie Acht, ich höre seine Schritte auf der Treppe.
1014 1745 3493 1933 Dass Sie sich nicht verraten, Marie. Da könnte die Sa-
1027 1872 3439 2123 che sogar bösejenden/ sehr bäse. Dagegen, wenn ich ein-
1014 2133 3490 2292 mal fort bin, aber wir besprechen morgen alles Nähere.
1008 2276 3458 2448 Ein anderes Gesicht, Marie, geschwind! Ja, so! So ist's
1014 2454 2718 2638 gut. Sehen Sie, wenn man nur will - -
550 2626 811 2762 Karl:
1020 2610 3331 2797 (tritt ein;dreissig Jahre, in schlichter Kleidung)
1008 2785 3341 2972 Guten Abend, Elise. Guten abend, Fräulein Marie, wie
1014 2991 3443 3163 geht's? Sie haben wohl schon gehört? Es ist heut Ei-
1001 3160 3280 3338 ner umgebracht worden in der Nähe des Hotels.
540 3341 846 3471 Elisa:
1008 3319 2187 3503 Weiss man schon Näheres?
515 3522 807 3729 Karl:
995 3528 3350 3725 Ich weiss nicht mehr, als was mir Ihr Vater erzählt
995 3691 1898 3875 hat unten am Thor.
1001 3840 3169 4072 Ein alter Hofrat soll es sein.
515 3853 836 4015 Elisa:
1001 4024 3430 4260 So?... Ja, ich habe auch so was gehört. Nun, auch Hof-
515 4062 792 4225 Karl:
995 4199 3439 4434 räte müssen sterben. Freilich, sonst hätten sie es
985 4377 3373 4612 gar zu gut.Hofrat sein, Vergnügungsreisen machen, in
992 4577 3411 4790 einem feinen Hotel wohnen, und dann noch ewig leben
992 4762 3398 4968 das wäre zu viel? - Uebrigens gibt es Neuigkeiten.
521 4930 814 5086 Elisa:
985 4911 3112 5188 (beim Fenster) Da ist ja ein Gendarm im Hofe.
