<?xml version="1.0" encoding="UTF-8" standalone="yes"?>
<PcGts xmlns="http://schema.primaresearch.org/PAGE/gts/pagecontent/2013-07-15" xmlns:xsi="http://www.w3.org/2001/XMLSchema-instance" xsi:schemaLocation="http://schema.primaresearch.org/PAGE/gts/pagecontent/2013-07-15 http://schema.primaresearch.org/PAGE/gts/pagecontent/2013-07-15/pagecontent.xsd">
    <Metadata>
        <Creator>prov=READ-COOP:name=TrHtr:version=2.1.0:model_id=51170:date=15_08_2023_03:31</Creator>
        <Created>2023-05-10T14:58:44.747+02:00</Created>
        <LastChange>2023-08-15T03:31:10.238+02:00</LastChange>
        <TranskribusMetadata docId="1428696" pageId="55428432" pageNr="114" tsid="132838450" status="IN_PROGRESS" userId="64420" imgUrl="https://files.transkribus.eu/Get?id=JEWXDSRVEKQXMXRCJHZGVGPL&amp;fileType=view" xmlUrl="https://files.transkribus.eu/Get?id=DBWYMHEMJRHARKABPKGKGDFW" imageId="44702505"/>
    </Metadata>
    <Page imageFilename="1428696_0114.jpg" imageWidth="4040" imageHeight="5592">
        <ReadingOrder>
            <OrderedGroup id="ro_1711808590586" caption="Regions reading order">
                <RegionRefIndexed index="0" regionRef="tr_1"/>
                <RegionRefIndexed index="1" regionRef="tr_2"/>
            </OrderedGroup>
        </ReadingOrder>
        <TextRegion id="tr_1" custom="readingOrder {index:0;}">
            <Coords points="561,380 3542,380 3542,1778 561,1778"/>
            <TextLine id="tr_1_tl_1" custom="readingOrder {index:0;}">
                <Coords points="1988,471 2020,487 2056,474 2069,491 2101,481 2127,497 2156,471 2175,487 2204,478 2224,500 2256,503 2269,323 2185,345 2101,287 2033,294 2001,284"/>
                <Baseline points="2007,448 2091,442 2180,430 2270,436"/>
                <TextEquiv>
                    <Unicode>G.C.H.P</Unicode>
                </TextEquiv>
            </TextLine>
            <TextLine id="tr_1_tl_2" custom="readingOrder {index:1;}">
                <Coords points="2301,471 2343,455 2401,500 2427,484 2459,491 2488,465 2517,468 2501,332 2479,329 2466,339 2427,320 2388,323 2372,310 2359,323 2330,310 2317,326 2288,323"/>
                <Baseline points="2318,448 2407,454 2497,466 2527,466"/>
                <TextEquiv>
                    <Unicode>V. P.</Unicode>
                </TextEquiv>
            </TextLine>
            <TextLine id="tr_1_tl_3" custom="readingOrder {index:2;}">
                <Coords points="3292,474 3321,471 3344,487 3373,478 3424,503 3441,494 3489,500 3476,297 3437,300 3363,365 3340,355 3324,365 3286,358"/>
                <Baseline points="3309,460 3399,460 3489,471 3495,466"/>
                <TextEquiv>
                    <Unicode>32</Unicode>
                </TextEquiv>
            </TextLine>
            <TextLine id="tr_1_tl_4" custom="readingOrder {index:3;}">
                <Coords points="1017,700 3502,697 3534,555 2685,439 2243,594 1017,616"/>
                <Baseline points="1033,687 1123,681 1212,687 1302,681 1392,681 1481,681 1571,681 1660,675 1750,669 1840,669 1929,663 2019,663 2108,663 2198,663 2288,663 2377,657 2467,657 2557,651 2646,651 2736,651 2825,645 2915,639 3005,645 3094,639 3184,639 3273,633 3363,633 3453,627 3542,627"/>
                <TextEquiv>
                    <Unicode>Rühr dich nicht! Ruhr dich nieht! Ein Wort und du bist</Unicode>
                </TextEquiv>
            </TextLine>
            <TextLine id="tr_1_tl_5" custom="readingOrder {index:4;}">
                <Coords points="545,758 597,746 633,762 700,707 736,733 771,713 800,742 817,742 817,574 729,613 704,604 671,623 607,584 542,587"/>
                <Baseline points="561,693 651,693 740,693 824,699"/>
                <TextEquiv>
                    <Unicode>Karl:</Unicode>
                </TextEquiv>
            </TextLine>
            <TextLine id="tr_1_tl_6" custom="readingOrder {index:5;}">
                <Coords points="1020,881 3421,875 3534,849 3537,707 1020,813"/>
                <Baseline points="1039,872 1123,866 1212,866 1302,866 1392,866 1481,860 1571,860 1660,854 1750,854 1840,854 1929,848 2019,848 2108,842 2198,842 2288,842 2377,842 2467,836 2557,836 2646,836 2736,836 2825,830 2915,824 3005,824 3094,818 3184,818 3273,812 3363,818 3453,818 3542,824"/>
                <TextEquiv>
                    <Unicode>des Todes! Ich schwör es dir! (Er sperrt die Türe ab.</Unicode>
                </TextEquiv>
            </TextLine>
            <TextLine id="tr_1_tl_7" custom="readingOrder {index:6;}">
                <Coords points="1017,1120 1146,1159 1410,1107 2421,1123 2450,946 1020,975"/>
                <Baseline points="1039,1057 1111,1051 1200,1045 1290,1045 1380,1045 1469,1039 1559,1039 1648,1039 1738,1033 1828,1033 1917,1033 2007,1027 2097,1027 2186,1021 2276,1021 2365,1015 2455,1021"/>
                <TextEquiv>
                    <Unicode>dann schliesst er das Fenster)</Unicode>
                </TextEquiv>
            </TextLine>
            <TextLine id="tr_1_tl_8" custom="readingOrder {index:7;}">
                <Coords points="1039,1314 3305,1214 3470,1181 3473,1001 2976,1123 1042,1139"/>
                <Baseline points="1057,1230 1147,1224 1236,1218 1326,1212 1415,1212 1505,1212 1595,1212 1684,1206 1774,1206 1864,1206 1953,1206 2043,1206 2132,1200 2222,1200 2312,1194 2401,1188 2491,1188 2580,1188 2670,1188 2760,1188 2849,1182 2939,1182 3029,1176 3118,1176 3208,1170 3297,1165 3387,1170 3477,1176"/>
                <TextEquiv>
                    <Unicode>(eine Weile starr, will zum Fenster hin, er ergreift</Unicode>
                </TextEquiv>
            </TextLine>
            <TextLine id="tr_1_tl_9" custom="readingOrder {index:8;}">
                <Coords points="562,1265 652,1233 665,1243 755,1230 784,1243 794,1233 807,1243 820,1233 871,1239 871,1136 849,1133 817,1152 765,1136 752,1120 733,1130 707,1123 675,1149 620,1133 604,1149 562,1136"/>
                <Baseline points="579,1230 609,1224 699,1224 788,1224 878,1218"/>
                <TextEquiv>
                    <Unicode>Elisa:</Unicode>
                </TextEquiv>
            </TextLine>
            <TextLine id="tr_1_tl_10" custom="readingOrder {index:9;}">
                <Coords points="1017,1465 3392,1401 3495,1297 1020,1336"/>
                <Baseline points="1039,1409 1081,1409 1170,1403 1260,1392 1350,1392 1439,1398 1529,1392 1619,1392 1708,1392 1798,1386 1887,1380 1977,1380 2067,1380 2156,1380 2246,1374 2335,1374 2425,1374 2515,1368 2604,1368 2694,1362 2784,1362 2873,1362 2963,1356 3052,1356 3142,1350 3232,1350 3321,1344 3411,1350 3500,1356"/>
                <TextEquiv>
                    <Unicode>sie bei beiden Händen, schleppt sie nach vorn, drückt</Unicode>
                </TextEquiv>
            </TextLine>
            <TextLine id="tr_1_tl_11" custom="readingOrder {index:10;}">
                <Coords points="2266,1501 2301,1514 2321,1501 2340,1504 2369,1517 2411,1556 2440,1546 2443,1388 2414,1385 2404,1394 2392,1388 2366,1398 2340,1388 2327,1401 2308,1388 2269,1388"/>
                <Baseline points="2288,1457 2359,1451 2449,1451"/>
                <TextEquiv>
                    <Unicode>G.C.H.F.P:</Unicode>
                </TextEquiv>
            </TextLine>
            <TextLine id="tr_1_tl_12" custom="readingOrder {index:11;}">
                <Coords points="1030,1662 2221,1659 2250,1478 1236,1517 1033,1481"/>
                <Baseline points="1051,1583 1093,1583 1182,1577 1272,1571 1362,1571 1451,1571 1541,1571 1631,1565 1720,1565 1810,1565 1899,1559 1989,1559 2079,1553 2168,1559 2258,1559"/>
                <TextEquiv>
                    <Unicode>sie auf den Divan nieder)</Unicode>
                </TextEquiv>
            </TextLine>
            <TextLine id="tr_1_tl_13" custom="readingOrder {index:12;}">
                <Coords points="1042,1801 3499,1740 3502,1633 1046,1659"/>
                <Baseline points="1063,1750 1087,1750 1176,1750 1266,1744 1356,1744 1445,1738 1535,1738 1625,1738 1714,1738 1804,1732 1893,1732 1983,1732 2073,1726 2162,1726 2252,1726 2341,1720 2431,1720 2521,1720 2610,1714 2700,1708 2790,1708 2879,1702 2969,1702 3058,1702 3148,1702 3238,1696 3327,1696 3417,1696 3506,1690"/>
                <TextEquiv>
                    <Unicode>Ich könnte dich auch anbinden. Ich konnte dir auch ir-</Unicode>
                </TextEquiv>
            </TextLine>
            <TextLine id="tr_1_tl_14" custom="readingOrder {index:13;}">
                <Coords points="578,1804 662,1820 700,1788 723,1801 755,1788 784,1801 842,1798 839,1627 749,1630 684,1614 668,1630 629,1620 574,1630"/>
                <Baseline points="591,1762 681,1756 770,1756 848,1768"/>
                <TextEquiv>
                    <Unicode>Karl:</Unicode>
                </TextEquiv>
            </TextLine>
        </TextRegion>
        <TextRegion id="tr_2" custom="readingOrder {index:1;}">
            <Coords points="597,1819 3644,1819 3644,5153 597,5153"/>
            <TextLine id="tr_2_tl_1" custom="readingOrder {index:0;}">
                <Coords points="1036,1982 3395,1914 3466,1717 3289,1820 1039,1853"/>
                <Baseline points="1057,1941 1141,1923 1230,1923 1320,1917 1409,1917 1499,1917 1589,1911 1678,1911 1768,1911 1858,1905 1947,1905 2037,1899 2126,1899 2216,1899 2306,1899 2395,1899 2485,1893 2574,1893 2664,1887 2754,1881 2843,1881 2933,1881 3023,1881 3112,1875 3202,1875 3291,1875 3381,1869 3471,1869"/>
                <TextEquiv>
                    <Unicode>gendwas in den Mund stopfen. Aber ich hoffe, es wird</Unicode>
                </TextEquiv>
            </TextLine>
            <TextLine id="tr_2_tl_2" custom="readingOrder {index:1;}">
                <Coords points="1036,2153 3392,2098 3463,2085 3466,1901 2989,1898 2856,2017 1039,2040"/>
                <Baseline points="1057,2108 1141,2097 1230,2097 1320,2097 1409,2091 1499,2091 1589,2091 1678,2085 1768,2085 1858,2085 1947,2079 2037,2079 2126,2073 2216,2073 2306,2073 2395,2067 2485,2067 2574,2067 2664,2061 2754,2061 2843,2061 2933,2061 3023,2061 3112,2061 3202,2055 3291,2055 3381,2055 3471,2061"/>
                <TextEquiv>
                    <Unicode>nicht nötig sein. Ein Wort und du bist - (er blickt</Unicode>
                </TextEquiv>
            </TextLine>
            <TextLine id="tr_2_tl_3" custom="readingOrder {index:2;}">
                <Coords points="1023,2366 1520,2282 3515,2295 3615,2269 3621,2082 1026,2217"/>
                <Baseline points="1045,2288 1117,2282 1206,2282 1296,2276 1386,2276 1475,2276 1565,2276 1654,2270 1744,2270 1834,2264 1923,2264 2013,2258 2102,2258 2192,2258 2282,2252 2371,2252 2461,2252 2551,2246 2640,2246 2730,2240 2819,2234 2909,2234 2999,2234 3088,2234 3178,2228 3267,2228 3357,2228 3447,2228 3536,2222 3626,2222"/>
                <TextEquiv>
                    <Unicode>sich im Zimmer um, dann geht er zur Kommede, wühlt zuerst</Unicode>
                </TextEquiv>
            </TextLine>
            <TextLine id="tr_2_tl_4" custom="readingOrder {index:3;}">
                <Coords points="1033,2517 1146,2553 1214,2524 1327,2556 1423,2505 1591,2550 1720,2517 1885,2540 1975,2524 1978,2369 1878,2375 1846,2343 1646,2388 1510,2353 1475,2385 1230,2366 1175,2404 1036,2369"/>
                <Baseline points="1051,2467 1087,2461 1176,2461 1266,2455 1356,2449 1445,2449 1535,2443 1625,2449 1714,2443 1804,2443 1893,2437 1983,2443"/>
                <TextEquiv>
                    <Unicode>in der oberen Lade)</Unicode>
                </TextEquiv>
            </TextLine>
            <TextLine id="tr_2_tl_5" custom="readingOrder {index:4;}">
                <Coords points="1059,2650 2475,2643 2760,2611 2763,2508 1062,2559"/>
                <Baseline points="1075,2628 1153,2628 1242,2622 1332,2622 1421,2616 1511,2616 1601,2616 1690,2616 1780,2610 1869,2610 1959,2604 2049,2604 2138,2604 2228,2604 2318,2598 2407,2598 2497,2592 2586,2592 2676,2586 2766,2586"/>
                <TextEquiv>
                    <Unicode>In aller Heiligen Namen, was tust du?</Unicode>
                </TextEquiv>
            </TextLine>
            <TextLine id="tr_2_tl_6" custom="readingOrder {index:5;}">
                <Coords points="584,2650 616,2647 652,2679 717,2666 729,2653 807,2669 859,2643 881,2647 884,2563 839,2582 823,2569 778,2576 726,2553 707,2563 646,2514 587,2508"/>
                <Baseline points="603,2640 621,2634 710,2634 800,2628 890,2634"/>
                <TextEquiv>
                    <Unicode>Elisa:</Unicode>
                </TextEquiv>
            </TextLine>
            <TextLine id="tr_2_tl_7" custom="readingOrder {index:6;}">
                <Coords points="1033,2808 3347,2805 3515,2772 3518,2630 2960,2714 1033,2711"/>
                <Baseline points="1051,2807 1105,2801 1194,2801 1284,2796 1374,2796 1463,2796 1553,2796 1642,2796 1732,2790 1822,2790 1911,2784 2001,2784 2091,2778 2180,2778 2270,2778 2359,2778 2449,2772 2539,2772 2628,2766 2718,2766 2807,2766 2897,2766 2987,2766 3076,2766 3166,2766 3256,2766 3345,2760 3435,2760 3524,2754"/>
                <TextEquiv>
                    <Unicode>Keinen Laut, wenn dir dein Leben lieb ist. (er öffnet</Unicode>
                </TextEquiv>
            </TextLine>
            <TextLine id="tr_2_tl_8" custom="readingOrder {index:7;}">
                <Coords points="584,2914 616,2921 646,2902 675,2918 775,2898 797,2918 810,2908 846,2921 842,2734 791,2740 775,2724 710,2760 639,2708 581,2718"/>
                <Baseline points="603,2807 693,2807 782,2807 854,2813"/>
                <TextEquiv>
                    <Unicode>Karl;</Unicode>
                </TextEquiv>
            </TextLine>
            <TextLine id="tr_2_tl_9" custom="readingOrder {index:8;}">
                <Coords points="1046,3044 3411,2989 3437,2776 2679,2889 1049,2905"/>
                <Baseline points="1063,2993 1111,2987 1200,2981 1290,2975 1380,2969 1469,2969 1559,2969 1648,2975 1738,2975 1828,2975 1917,2969 2007,2969 2097,2969 2186,2969 2276,2963 2365,2963 2455,2963 2545,2957 2634,2951 2724,2951 2813,2951 2903,2945 2993,2945 3082,2945 3172,2945 3262,2939 3351,2945 3441,2945"/>
                <TextEquiv>
                    <Unicode>die untere Lade, wählt darin, findet das Gebetbuch)</Unicode>
                </TextEquiv>
            </TextLine>
            <TextLine id="tr_2_tl_10" custom="readingOrder {index:9;}">
                <Coords points="1059,3231 3247,3173 3482,3127 3486,2979 3195,2960 2827,3082 1062,3073"/>
                <Baseline points="1075,3172 1159,3160 1248,3154 1338,3154 1427,3160 1517,3160 1607,3154 1696,3154 1786,3154 1875,3148 1965,3142 2055,3142 2144,3142 2234,3142 2324,3142 2413,3136 2503,3136 2592,3130 2682,3130 2772,3130 2861,3130 2951,3124 3040,3118 3130,3118 3220,3118 3309,3118 3399,3118 3489,3130"/>
                <TextEquiv>
                    <Unicode>(hat sich unwillkürlich erhoben, steht regungslos)</Unicode>
                </TextEquiv>
            </TextLine>
            <TextLine id="tr_2_tl_11" custom="readingOrder {index:10;}">
                <Coords points="578,3195 652,3231 746,3195 765,3215 807,3173 871,3182 878,3050 849,3040 791,3060 749,3053 694,3076 662,3053 626,3069 581,3069"/>
                <Baseline points="597,3166 615,3166 704,3166 794,3160 884,3160"/>
                <TextEquiv>
                    <Unicode>Elisa:</Unicode>
                </TextEquiv>
            </TextLine>
            <TextLine id="tr_2_tl_12" custom="readingOrder {index:11;}">
                <Coords points="1059,3408 3521,3340 3553,3147 3144,3240 1062,3276"/>
                <Baseline points="1075,3345 1141,3339 1230,3327 1320,3327 1409,3327 1499,3333 1589,3327 1678,3327 1768,3327 1858,3327 1947,3327 2037,3321 2126,3321 2216,3309 2306,3315 2395,3315 2485,3309 2574,3309 2664,3309 2754,3303 2843,3303 2933,3309 3023,3303 3112,3297 3202,3297 3291,3297 3381,3291 3471,3291 3560,3303"/>
                <TextEquiv>
                    <Unicode>(durchblättert das Gebetbuch, schüttelt es, zwei Bank-</Unicode>
                </TextEquiv>
            </TextLine>
            <TextLine id="tr_2_tl_13" custom="readingOrder {index:12;}">
                <Coords points="584,3434 652,3434 668,3450 717,3447 758,3466 813,3457 855,3466 855,3253 820,3247 758,3282 717,3266 697,3286 636,3244 613,3263 584,3260"/>
                <Baseline points="603,3345 693,3345 782,3345 860,3345"/>
                <TextEquiv>
                    <Unicode>Karl:</Unicode>
                </TextEquiv>
            </TextLine>
            <TextLine id="tr_2_tl_14" custom="readingOrder {index:13;}">
                <Coords points="1049,3570 1998,3615 2314,3599 2417,3508 3444,3508 3444,3418 3318,3395 1052,3463"/>
                <Baseline points="1069,3524 1123,3512 1212,3512 1302,3506 1392,3500 1481,3506 1571,3500 1660,3500 1750,3495 1840,3495 1929,3495 2019,3500 2108,3500 2198,3500 2288,3495 2377,3500 2467,3495 2557,3489 2646,3483 2736,3483 2825,3483 2915,3477 3005,3477 3094,3477 3184,3471 3273,3471 3363,3471 3453,3465"/>
                <TextEquiv>
                    <Unicode>noten fallen heraus. Er nimmt die Banknoten in die</Unicode>
                </TextEquiv>
            </TextLine>
            <TextLine id="tr_2_tl_15" custom="readingOrder {index:14;}">
                <Coords points="3286,3595 3357,3586 3389,3608 3411,3586 3428,3599 3457,3589 3512,3615 3534,3602 3557,3605 3557,3502 3518,3495 3495,3518 3450,3505 3366,3515 3318,3486 3286,3492"/>
                <Baseline points="3303,3578 3381,3572 3471,3578 3560,3572"/>
                <TextEquiv>
                    <Unicode>G.C.F.P.</Unicode>
                </TextEquiv>
            </TextLine>
            <TextLine id="tr_2_tl_16" custom="readingOrder {index:15;}">
                <Coords points="1059,3770 1924,3779 2104,3695 2840,3679 2792,3579 1062,3602"/>
                <Baseline points="1075,3698 1147,3692 1236,3692 1326,3692 1415,3692 1505,3692 1595,3686 1684,3692 1774,3680 1864,3680 1953,3674 2043,3674 2132,3674 2222,3674 2312,3674 2401,3668 2491,3668 2580,3668 2670,3668 2760,3668 2849,3662"/>
                <TextEquiv>
                    <Unicode>Hand hält sie wortlos Elisa entgegen)</Unicode>
                </TextEquiv>
            </TextLine>
            <TextLine id="tr_2_tl_17" custom="readingOrder {index:16;}">
                <Coords points="1062,3957 1633,3860 3195,3892 3450,3828 3453,3686 2724,3786 1065,3770"/>
                <Baseline points="1081,3877 1129,3871 1218,3871 1308,3871 1398,3865 1487,3865 1577,3865 1666,3859 1756,3859 1846,3853 1935,3853 2025,3853 2114,3847 2204,3847 2294,3847 2383,3847 2473,3841 2563,3841 2652,3841 2742,3835 2831,3835 2921,3835 3011,3829 3100,3829 3190,3829 3279,3829 3369,3823 3459,3823"/>
                <TextEquiv>
                    <Unicode>Ich hab ihn nicht ermordet. Bei allen Heiligen, ich</Unicode>
                </TextEquiv>
            </TextLine>
            <TextLine id="tr_2_tl_18" custom="readingOrder {index:17;}">
                <Coords points="584,3912 626,3918 691,3892 765,3883 817,3902 849,3886 888,3892 891,3776 836,3770 813,3789 742,3802 687,3786 655,3805 639,3786 587,3776"/>
                <Baseline points="603,3889 627,3883 716,3883 806,3877 896,3877"/>
                <TextEquiv>
                    <Unicode>Elisa:</Unicode>
                </TextEquiv>
            </TextLine>
            <TextLine id="tr_2_tl_19" custom="readingOrder {index:18;}">
                <Coords points="1059,4054 3641,4054 3644,3886 1062,3957"/>
                <Baseline points="1075,4050 1135,4050 1224,4050 1314,4044 1403,4044 1493,4044 1583,4044 1672,4038 1762,4032 1852,4032 1941,4032 2031,4032 2120,4026 2210,4026 2300,4026 2389,4020 2479,4020 2568,4020 2658,4014 2748,4014 2837,4008 2927,4008 3017,4008 3106,4008 3196,4002 3285,4002 3375,3996 3465,3996 3554,3996 3644,3996"/>
                <TextEquiv>
                    <Unicode>hab ihn nicht - Um Gottes Willen versteck das Geld! Wenn</Unicode>
                </TextEquiv>
            </TextLine>
            <TextLine id="tr_2_tl_20" custom="readingOrder {index:19;}">
                <Coords points="1062,4241 3502,4251 3508,4051 1065,4160"/>
                <Baseline points="1081,4235 1093,4229 1182,4229 1272,4223 1362,4223 1451,4223 1541,4217 1631,4217 1720,4217 1810,4217 1899,4217 1989,4211 2079,4211 2168,4205 2258,4205 2347,4205 2437,4199 2527,4199 2616,4199 2706,4194 2796,4194 2885,4188 2975,4188 3064,4188 3154,4182 3244,4176 3333,4176 3423,4176 3512,4170"/>
                <TextEquiv>
                    <Unicode>man das bei uns fände,- Ich will dir ja alles erklä-</Unicode>
                </TextEquiv>
            </TextLine>
            <TextLine id="tr_2_tl_21" custom="readingOrder {index:20;}">
                <Coords points="1039,4422 3247,4418 3344,4318 1039,4364"/>
                <Baseline points="1057,4409 1111,4409 1200,4409 1290,4409 1380,4409 1469,4403 1559,4403 1648,4403 1738,4397 1828,4397 1917,4397 2007,4397 2097,4397 2186,4391 2276,4391 2365,4385 2455,4379 2545,4379 2634,4379 2724,4373 2813,4373 2903,4373 2993,4367 3082,4367 3172,4361 3262,4361 3351,4361"/>
                <TextEquiv>
                    <Unicode>ren. Ich hab es ihm, ja. Er hat es mir geschenkt.</Unicode>
                </TextEquiv>
            </TextLine>
            <TextLine id="tr_2_tl_22" custom="readingOrder {index:21;}">
                <Coords points="1059,4596 3408,4557 3411,4373 2705,4393 2556,4496 1062,4528"/>
                <Baseline points="1075,4594 1087,4594 1176,4582 1266,4582 1356,4582 1445,4576 1535,4582 1625,4576 1714,4576 1804,4576 1893,4576 1983,4570 2073,4570 2162,4570 2252,4570 2341,4570 2431,4564 2521,4558 2610,4552 2700,4552 2790,4552 2879,4546 2969,4546 3058,4540 3148,4540 3238,4534 3327,4534 3417,4534"/>
                <TextEquiv>
                    <Unicode>Heute Früh. Er hat es mir geschenkt. Aber wenn du</Unicode>
                </TextEquiv>
            </TextLine>
            <TextLine id="tr_2_tl_23" custom="readingOrder {index:22;}">
                <Coords points="1078,4883 1882,4757 3437,4751 3470,4590 2285,4567 2062,4690 1081,4680"/>
                <Baseline points="1099,4779 1141,4773 1230,4767 1320,4761 1409,4761 1499,4755 1589,4755 1678,4755 1768,4755 1858,4749 1947,4749 2037,4749 2126,4743 2216,4743 2306,4743 2395,4737 2485,4737 2574,4731 2664,4725 2754,4719 2843,4719 2933,4719 3023,4719 3112,4713 3202,4713 3291,4713 3381,4713 3471,4713"/>
                <TextEquiv>
                    <Unicode>glaubst - nein nein, nein! Geschenkt! Er hat es mir</Unicode>
                </TextEquiv>
            </TextLine>
            <TextLine id="tr_2_tl_24" custom="readingOrder {index:23;}">
                <Coords points="1075,4993 3189,4896 3502,4957 3557,4783 1075,4883"/>
                <Baseline points="1093,4970 1141,4958 1230,4952 1320,4946 1409,4946 1499,4940 1589,4940 1678,4934 1768,4934 1858,4934 1947,4928 2037,4928 2126,4922 2216,4922 2306,4916 2395,4916 2485,4916 2574,4910 2664,4910 2754,4910 2843,4904 2933,4904 3023,4904 3112,4898 3202,4898 3291,4898 3381,4893 3471,4893 3560,4898"/>
                <TextEquiv>
                    <Unicode>gegeben, damit ich fort kann. Mit ihm heb ich auf und</Unicode>
                </TextEquiv>
            </TextLine>
            <TextLine id="tr_2_tl_25" custom="readingOrder {index:24;}">
                <Coords points="3095,5025 3160,5025 3195,5045 3218,5028 3250,5038 3328,5028 3344,5045 3360,5045 3360,4970 3315,4974 3257,4941 3218,4932 3192,4957 3147,4925 3095,4925"/>
                <Baseline points="3112,5012 3202,5012 3291,5012 3369,5018"/>
                <TextEquiv>
                    <Unicode>ehen.</Unicode>
                </TextEquiv>
            </TextLine>
            <TextLine id="tr_2_tl_26" custom="readingOrder {index:25;}">
                <Coords points="2947,5148 2989,5151 3002,5145 3024,5164 3076,5151 3079,5158 3095,5158 3102,5048 3079,5045 3073,5051 3053,5041 3047,5048 3018,5035 2995,5045 2985,5038 2973,5045 2950,5041"/>
                <Baseline points="2963,5143 3017,5137 3106,5137"/>
                <TextEquiv>
                    <Unicode>a</Unicode>
                </TextEquiv>
            </TextLine>
        </TextRegion>
    </Page>
</PcGts>
