4120 5688
1085 508 3565 762 Zeit benützen. Schau dich in den Spiegel. Wenn man so
1082 751 3634 951 viel durchgemacht hat, das hinterlässt seine Spuren...
1452 889 2929 1056 das mößt an deine zukunft denken.
1074 973 3071 1169 Falten###Elisa, man bleibt nicht ewig jung.
1125 1093 2450 1332 Karl nur dich, dich allein -
643 1140 969 1332 Elisa:
1085 1285 2084 1510 Rühr mich nicht an!
661 1321 958 1543 Karl:
668 1412 2519 1652 Wachtmeister: (draussen) Herr Bengler!
1125 1630 1928 1880 (erstickt) Karl!
679 1695 984 1848 Elisa:
1140 1830 1902 2044 Ja. Da bin ich.
668 1830 947 2018 Karl:
682 1986 3597 2243 Wachtmeister: (tritt ein) Herr Oberaufseher, der Herr Kommissär
1147 2185 3590 2378 ist sehr ungeduldig. Ich will Ihnen nur mitteilen,
1158 2312 3557 2516 dass sich die Verdachtsgründe gegen die beiden Ver-
1151 2454 3652 2744 hafteten erheblich verstärkt haben. Sie brauchen sich
1162 2664 3111 2897 weiter kein Blatt vor den Mund zu nehmen.
1158 2868 3670 3118 (hat das Fenster geöffnet) vor allem einmal lasse men
686 2919 966 3093 Karl:
1169 2995 3670 3263 die Burschen los. Bardoni, Raso, Ihr seid frei! Sagt es
1158 3227 1728 3445 ihnen doch!
1172 3405 3634 3579 (Unruhe unten, einige Leute kommen die Treppe herauf,
1162 3561 2236 3790 die Türe steht offen)
1205 3688 3579 4000 Hier sind die zweihundert Kronen, Herr Wachtmeister.
1162 3859 3543 4160 Und hier bin ich! Ist Ihnen alles klar? Und bitte,
1176 4084 2864 4334 lassen Sie doch die Türe hier frei.
726 4273 2316 4545 Wachtmeister: Was heisst das? He!
1198 4418 3532 4661 Das ist mein armes Weib, die kann gar nichts daftir,
719 4490 995 4723 Karl:
1187 4606 3615 4813 dass ich elender Kerl Einen erwürgt hab - Haben Sie
1191 4766 3782 5060 doch Mitleid mit ihr. Sie ist unschuldig, ich weiss es...
1176 4999 1721 5278 Elisa, geh!
