4024 5592
2587 309 2778 533 I. I.
3353 388 3521 572 37
1068 559 3600 733 warum - weisst du denn—? Ich hab ja nicht geehnt. Ich
1068 727 3623 891 hab mir gedacht, Karl, die ganze letzte Zeit hab ich ge-
1068 897 2683 1124 dacht, du hältst es mit der Marie.
638 999 874 1272 Karl:
1055 1088 1650 1279 (lacht auf)
658 1262 911 1479 lisa:
1068 1239 3541 1437 Ich schwör's dir. Ich habe mir eingebildet, du willst
1065 1440 3547 1657 von mir nichts mehr wissen. Du warst ja - Ich hab ja
1052 1617 3468 1825 nicht geschnt, dass du mich noch liebst... so Liebst
1062 1782 3597 2019 bis zum Verbrechen. Dass du meinetwegen - Wenn ich das
1052 1966 3587 2124 geahnt hätte, Karl, wenn - - Aber es kann ja noch alles,
1062 2176 3564 2357 es wird alles gut werden. Keiner weiss es, Karl, keiner
1045 2324 2643 2535 denkt an dich. Versteck das Geld!
664 2393 845 2630 l:
1052 2498 3600 2669 Und jetzt käm es grade recht für eine kleine Hochzeits-
1045 2666 3087 2867 reise. Nähmst sogar mit mir vorlieb - wie?
1036 2831 1354 3061 Karl!
681 2762 894 3028 issa:
1036 3021 3521 3238 Es wirdnicht gehen, Elisa. Ich dürfte verhindert sein.
667 3015 845 3251 r1:
1029 3189 3468 3432 Und auch der Andere ist leider tot. Ein so hübscher
1042 3360 3468 3564 junger Mensch. Und splendid... Aber was liegt daran.
1026 3534 3511 3735 Es gibt Andere, hundert, tausend hübsche, reiche junge
1016 3728 2985 3958 Leute, kann dir doch ogal sein, du - du -!
1026 3915 1604 4083 (Es klopft)
1032 4060 3465 4307 Versteck's! Wir sprechen dann weiter. In den Schuh.
644 4093 858 4270 disa:
1026 4270 3504 4471 Du kan nst es dir dann noch immer überlegen. Aber
598 4464 845 4645 Marie:
1022 4468 3498 4622 (draussen) Herr Bengler! eine Weile wenigstens un¬
582 4655 799 4806 Karl:
1009 4586 3432 4796 Nur einen Augenblick, Fräulein Marie, xxx ein
556 4826 848 4987 Elisa:
1006 4767 3652 5010 Karl, Karl, alles wird wieder gut. Ich, ich liebe dich ja.
549 5000 802 5217 Karl:
996 4987 3541 5178 (als hörte er es nicht) Es dauert nicht mehr lang,
