3816 5560
3153 289 3337 487 4 s
403 450 2915 703 raus, und schlägt es auf. Jetzt klopft es an die Tür,)
868 652 3384 842 (schrickt zusammen) Wie? - Ja'Gleich!- Bist du's Karl?
403 674 711 890 Elisa:
886 853 3329 1040 Ich kleide mich nur eben an. Gleich, gleich! (sie ver-
875 1033 3289 1245 birgt das Gebetbuch rasch wieder in der untersten
868 1205 1736 1421 Lade der Kommode)
410 1359 3348 1560 Stimme Mariens: (draussen vor der Tür). Ich bin's, ich, Marie. Aber
875 1590 3348 1751 Sie brauchen sich nicht zu beeilen, Frau Elisa; es ist
868 1740 1710 1937 nichts Wichtiges.
886 1890 3307 2135 (aufatmend, ist damit beschäftigt auf das Gebetbuch
410 1941 718 2157 Elisa:
875 2106 3344 2263 einige Wäschestücke und dergleichen zu legen) Ah, Sie,
886 2271 3348 2461 Marie! Kommen Sie doch herein. (als fiele es ihr eben
875 2447 3395 2644 ein) Richtig, ich habe ja zugesperrt. Nur einen Augen-
879 2604 3355 2820 blick. (sie schliesst die Lade, öffnet rasch ihre Bru-
879 2824 3428 3018 se am Hals, eilt zur Türe, schliesst auf, lässt Marie ein-
879 3011 1231 3183 treten)
872 3157 3326 3311 (die Tochter des Wirtes, 24, einfach, sehr nett, hübsch;
403 3157 711 3337 Marie:
861 3351 2692 3509 eine Zeitung in der Hand) Guten Abend,
868 3534 3417 3725 (knöpft die Bluse wieder zu als würde sie eben mit dem
403 3516 711 3688 Elisa:
875 3717 3230 3904 Ankleiden fertig) Guten Abend, Fräulein Marie; ich
879 3864 3044 4095 dachte, Karl wäre schon von der Strecke zurück.
868 4058 2285 4263 Dazu ist's wohl noch zu früh.
410 4010 700 4223 Marie:
879 4197 3205 4391 Freilich. Wie spät ist es denn? hat seine letzten
396 4263 725 4421 Elisa:
857 4380 3384 4626 Eben ist der Schnellzug aus der Station fortgefahren.
392 4421 700 4600 Marie:
875 4574 3014 4772 Es muss fünf Uhr vorbei sein. Herr Ingenieur,
875 4739 3153 4988 (zerstreut) Sind viel Leute angekommen?
396 4761 711 4966 Elisa:
857 4926 3344 5160 Bei uns ist jedenfalls niemand abgestiegen. Uebrigens
399 4974 711 5149 Marie:
