<?xml version="1.0" encoding="UTF-8" standalone="yes"?>
<PcGts xmlns="http://schema.primaresearch.org/PAGE/gts/pagecontent/2013-07-15" xmlns:xsi="http://www.w3.org/2001/XMLSchema-instance" xsi:schemaLocation="http://schema.primaresearch.org/PAGE/gts/pagecontent/2013-07-15 http://schema.primaresearch.org/PAGE/gts/pagecontent/2013-07-15/pagecontent.xsd">
    <Metadata>
        <Creator>prov=READ-COOP:name=TrHtr:version=2.1.0:model_id=51170:date=15_08_2023_03:30</Creator>
        <Created>2023-05-10T14:58:31.046+02:00</Created>
        <LastChange>2023-08-15T03:30:39.944+02:00</LastChange>
        <TranskribusMetadata docId="1428696" pageId="55427753" pageNr="15" tsid="132838350" status="IN_PROGRESS" userId="64420" imgUrl="https://files.transkribus.eu/Get?id=MSEEWLUMFVZAGBQGDCQGKURY&amp;fileType=view" xmlUrl="https://files.transkribus.eu/Get?id=IDLMZPEABRMYDOHBIVFTIYDJ" imageId="44701826"/>
    </Metadata>
    <Page imageFilename="1428696_0015.jpg" imageWidth="3800" imageHeight="5640">
        <ReadingOrder>
            <OrderedGroup id="ro_1711808294091" caption="Regions reading order">
                <RegionRefIndexed index="0" regionRef="tr_1"/>
                <RegionRefIndexed index="1" regionRef="tr_2"/>
                <RegionRefIndexed index="2" regionRef="tr_3"/>
            </OrderedGroup>
        </ReadingOrder>
        <TextRegion id="tr_1" custom="readingOrder {index:0;}">
            <Coords points="382,374 3369,374 3369,2083 382,2083"/>
            <TextLine id="tr_1_tl_1" custom="readingOrder {index:0;}">
                <Coords points="3038,513 3076,516 3104,503 3136,528 3205,538 3271,500 3246,283 3217,286 3202,270 3192,280 3180,267 3158,274 3142,264 3101,305 3073,299 3035,346 3019,349"/>
                <Baseline points="3047,424 3136,430 3226,442 3268,448"/>
                <TextEquiv>
                    <Unicode>134</Unicode>
                </TextEquiv>
            </TextLine>
            <TextLine id="tr_1_tl_2" custom="readingOrder {index:1;}">
                <Coords points="811,711 3022,726 3296,679 3299,550 2780,456 2098,572 815,585"/>
                <Baseline points="830,675 884,669 973,663 1063,657 1153,657 1242,657 1332,657 1421,651 1511,651 1601,651 1690,645 1780,645 1870,639 1959,639 2049,633 2138,633 2228,627 2318,627 2407,627 2497,621 2586,621 2676,615 2766,609 2855,609 2945,603 3035,597 3124,603 3214,621 3303,621"/>
                <TextEquiv>
                    <Unicode>wiederholt sich doch nicht so bald. Na, guten Abend.</Unicode>
                </TextEquiv>
            </TextLine>
            <TextLine id="tr_1_tl_3" custom="readingOrder {index:2;}">
                <Coords points="821,909 3318,884 3343,708 827,764"/>
                <Baseline points="842,848 926,842 1015,842 1105,842 1194,836 1284,830 1374,830 1463,830 1553,830 1643,824 1732,824 1822,818 1911,818 2001,812 2091,806 2180,806 2270,800 2359,800 2449,800 2539,800 2628,800 2718,794 2808,788 2897,782 2987,782 3076,782 3166,776 3256,776 3345,770"/>
                <TextEquiv>
                    <Unicode>Wir werden wohl bald Näheres erfahren. In einer Stunde</Unicode>
                </TextEquiv>
            </TextLine>
            <TextLine id="tr_1_tl_4" custom="readingOrder {index:3;}">
                <Coords points="824,1066 3271,1063 3296,881 827,906"/>
                <Baseline points="842,1021 878,1015 967,1015 1057,1009 1147,1009 1236,1003 1326,997 1415,997 1505,997 1595,991 1684,991 1774,991 1864,991 1953,985 2043,979 2132,979 2222,973 2312,973 2401,973 2491,973 2581,967 2670,967 2760,961 2849,961 2939,955 3029,955 3118,949 3208,949 3297,955"/>
                <TextEquiv>
                    <Unicode>kommt die Post von oben, der Kutscher wird schon mehr</Unicode>
                </TextEquiv>
            </TextLine>
            <TextLine id="tr_1_tl_5" custom="readingOrder {index:4;}">
                <Coords points="833,1286 3227,1223 3362,1189 3365,1054 840,1110"/>
                <Baseline points="854,1194 860,1194 949,1188 1039,1188 1129,1188 1218,1182 1308,1182 1398,1176 1487,1176 1577,1176 1666,1171 1756,1171 1846,1165 1935,1165 2025,1159 2115,1153 2204,1147 2294,1147 2383,1147 2473,1147 2563,1141 2652,1141 2742,1135 2831,1135 2921,1129 3011,1129 3100,1123 3190,1123 3280,1117 3369,1117"/>
                <TextEquiv>
                    <Unicode>wissen, denk ich. Na, wenn die Bahn einmal eröffnet sein</Unicode>
                </TextEquiv>
            </TextLine>
            <TextLine id="tr_1_tl_6" custom="readingOrder {index:5;}">
                <Coords points="830,1437 2915,1412 3029,1400 3029,1308 2088,1220 830,1315"/>
                <Baseline points="848,1374 884,1368 973,1368 1063,1362 1153,1356 1242,1356 1332,1356 1421,1350 1511,1350 1601,1350 1690,1344 1780,1338 1870,1338 1959,1344 2049,1332 2138,1338 2228,1332 2318,1338 2407,1350 2497,1356 2586,1356 2676,1350 2766,1350 2855,1350 2945,1350 3035,1350"/>
                <TextEquiv>
                    <Unicode>wird, da wird das rascher gehen. xxx</Unicode>
                </TextEquiv>
            </TextLine>
            <TextLine id="tr_1_tl_7" custom="readingOrder {index:6;}">
                <Coords points="840,1623 2843,1576 3312,1500 3315,1384 846,1450"/>
                <Baseline points="860,1559 902,1547 991,1547 1081,1541 1171,1541 1260,1541 1350,1541 1439,1541 1529,1535 1619,1535 1708,1535 1798,1529 1887,1523 1977,1517 2067,1517 2156,1517 2246,1511 2336,1511 2425,1511 2515,1505 2604,1505 2694,1499 2784,1493 2873,1493 2963,1487 3053,1481 3142,1481 3232,1475 3321,1475"/>
                <TextEquiv>
                    <Unicode>(zu Marie, die ihren Vater begleiten will) Möchten Sie</Unicode>
                </TextEquiv>
            </TextLine>
            <TextLine id="tr_1_tl_8" custom="readingOrder {index:7;}">
                <Coords points="365,1595 403,1591 418,1607 465,1613 497,1588 513,1601 538,1588 604,1601 638,1576 676,1576 679,1462 607,1450 532,1475 497,1466 481,1481 443,1462 421,1478 403,1462 368,1462"/>
                <Baseline points="382,1559 471,1553 561,1553 651,1553 681,1559"/>
                <TextEquiv>
                    <Unicode>Elisa:</Unicode>
                </TextEquiv>
            </TextLine>
            <TextLine id="tr_1_tl_9" custom="readingOrder {index:8;}">
                <Coords points="827,1812 1635,1742 1837,1812 2286,1711 3192,1783 3198,1582 830,1651"/>
                <Baseline points="848,1720 872,1720 961,1714 1051,1714 1141,1708 1230,1708 1320,1702 1410,1702 1499,1702 1589,1702 1678,1696 1768,1690 1858,1690 1947,1684 2037,1690 2126,1684 2216,1678 2306,1678 2395,1672 2485,1672 2575,1672 2664,1672 2754,1660 2843,1660 2933,1660 3023,1654 3112,1654 3202,1654"/>
                <TextEquiv>
                    <Unicode>nicht noch ein bischen bei mir bleiben7, Marie? Wir</Unicode>
                </TextEquiv>
            </TextLine>
            <TextLine id="tr_1_tl_10" custom="readingOrder {index:9;}">
                <Coords points="849,1962 2919,1944 3356,1884 3359,1742 852,1805"/>
                <Baseline points="866,1899 943,1893 1033,1887 1123,1887 1212,1887 1302,1881 1392,1881 1481,1881 1571,1876 1660,1876 1750,1876 1840,1870 1929,1870 2019,1864 2109,1864 2198,1858 2288,1858 2377,1852 2467,1852 2557,1852 2646,1846 2736,1846 2825,1846 2915,1840 3005,1834 3094,1834 3184,1828 3274,1828 3363,1822"/>
                <TextEquiv>
                    <Unicode>waren eben so gemütlich im Plaudern und nun wollen Sie</Unicode>
                </TextEquiv>
            </TextLine>
            <TextLine id="tr_1_tl_11" custom="readingOrder {index:10;}">
                <Coords points="849,2139 3192,2139 3198,1922 852,1966"/>
                <Baseline points="866,2073 872,2067 961,2067 1051,2067 1141,2061 1230,2061 1320,2055 1410,2055 1499,2049 1589,2049 1678,2049 1768,2049 1858,2043 1947,2043 2037,2043 2126,2037 2216,2031 2306,2031 2395,2025 2485,2025 2575,2025 2664,2025 2754,2019 2843,2019 2933,2019 3023,2013 3112,2007 3202,2019"/>
                <TextEquiv>
                    <Unicode>mich allein lassen, nach dieser Schaudergeschichte?</Unicode>
                </TextEquiv>
            </TextLine>
        </TextRegion>
        <TextRegion id="tr_2" custom="readingOrder {index:1;}">
            <Coords points="394,2136 3387,2136 3387,4036 394,4036"/>
            <TextLine id="tr_2_tl_1" custom="readingOrder {index:0;}">
                <Coords points="846,2296 3198,2280 3299,2258 3302,2098 852,2167"/>
                <Baseline points="866,2252 890,2246 979,2246 1069,2240 1159,2240 1248,2234 1338,2234 1427,2234 1517,2234 1607,2228 1696,2228 1786,2222 1876,2222 1965,2216 2055,2216 2144,2216 2234,2210 2324,2210 2413,2210 2503,2210 2592,2204 2682,2204 2772,2198 2861,2198 2951,2192 3041,2186 3130,2192 3220,2186 3309,2186"/>
                <TextEquiv>
                    <Unicode>So bleib doch noch bei Frau Dengler. Unten gibt's ja</Unicode>
                </TextEquiv>
            </TextLine>
            <TextLine id="tr_2_tl_2" custom="readingOrder {index:1;}">
                <Coords points="377,2261 409,2277 481,2268 538,2290 642,2280 648,2135 623,2142 607,2132 591,2142 569,2132 497,2167 443,2154 415,2179 381,2186"/>
                <Baseline points="394,2264 471,2258 561,2252 651,2252"/>
                <TextEquiv>
                    <Unicode>Wirt:</Unicode>
                </TextEquiv>
            </TextLine>
            <TextLine id="tr_2_tl_3" custom="readingOrder {index:2;}">
                <Coords points="859,2519 1286,2444 3041,2481 3334,2447 3337,2274 865,2318"/>
                <Baseline points="878,2425 926,2425 1015,2425 1105,2419 1194,2419 1284,2413 1374,2413 1463,2407 1553,2407 1643,2407 1732,2401 1822,2401 1911,2401 2001,2395 2091,2395 2180,2395 2270,2389 2359,2389 2449,2383 2539,2377 2628,2377 2718,2377 2808,2371 2897,2371 2987,2365 3076,2365 3166,2365 3256,2371 3345,2377"/>
                <TextEquiv>
                    <Unicode>doch nicht mehr zu hören, als ich da erzählt habe. (ab)</Unicode>
                </TextEquiv>
            </TextLine>
            <TextLine id="tr_2_tl_4" custom="readingOrder {index:3;}">
                <Coords points="855,2651 2878,2626 3022,2582 3025,2463 859,2522"/>
                <Baseline points="872,2616 878,2616 967,2610 1057,2604 1147,2598 1236,2598 1326,2592 1415,2592 1505,2592 1595,2592 1684,2586 1774,2586 1864,2581 1953,2581 2043,2581 2132,2575 2222,2569 2312,2569 2401,2569 2491,2569 2581,2563 2670,2563 2760,2563 2849,2557 2939,2551 3029,2545"/>
                <TextEquiv>
                    <Unicode>(ist unschlüssig an der Türe stehen geblieben)</Unicode>
                </TextEquiv>
            </TextLine>
            <TextLine id="tr_2_tl_5" custom="readingOrder {index:4;}">
                <Coords points="396,2658 425,2654 443,2676 469,2680 491,2664 519,2673 566,2651 607,2654 635,2632 692,2642 695,2525 676,2522 629,2547 572,2516 532,2532 494,2503 481,2513 399,2503"/>
                <Baseline points="412,2616 430,2616 519,2610 609,2610 699,2604"/>
                <TextEquiv>
                    <Unicode>Marie:</Unicode>
                </TextEquiv>
            </TextLine>
            <TextLine id="tr_2_tl_6" custom="readingOrder {index:5;}">
                <Coords points="862,2837 3239,2849 3280,2610 865,2711"/>
                <Baseline points="878,2802 955,2790 1045,2784 1135,2784 1224,2784 1314,2778 1404,2778 1493,2772 1583,2772 1672,2766 1762,2766 1852,2766 1941,2760 2031,2760 2120,2754 2210,2754 2300,2748 2389,2748 2479,2742 2569,2742 2658,2742 2748,2736 2837,2730 2927,2730 3017,2730 3106,2724 3196,2724 3286,2718"/>
                <TextEquiv>
                    <Unicode>(fasst ihre beiden Hände) Nun, so schlimm diese Mord-</Unicode>
                </TextEquiv>
            </TextLine>
            <TextLine id="tr_2_tl_7" custom="readingOrder {index:6;}">
                <Coords points="396,2837 425,2843 472,2827 516,2856 528,2846 591,2862 695,2922 701,2720 670,2714 645,2727 585,2702 557,2730 513,2714 462,2733 399,2714"/>
                <Baseline points="412,2796 501,2796 591,2790 681,2790 705,2796"/>
                <TextEquiv>
                    <Unicode>Elisa:</Unicode>
                </TextEquiv>
            </TextLine>
            <TextLine id="tr_2_tl_8" custom="readingOrder {index:7;}">
                <Coords points="855,2988 3123,3007 3161,2821 859,2900"/>
                <Baseline points="872,2969 926,2957 1015,2957 1105,2951 1194,2951 1284,2945 1374,2945 1463,2939 1553,2939 1643,2939 1732,2933 1822,2933 1911,2927 2001,2927 2091,2921 2180,2921 2270,2921 2359,2921 2449,2915 2539,2909 2628,2909 2718,2903 2808,2909 2897,2903 2987,2897 3076,2897 3166,2891"/>
                <TextEquiv>
                    <Unicode>geschichte ist, uns Beide bekümmert sie wohl nicht</Unicode>
                </TextEquiv>
            </TextLine>
            <TextLine id="tr_2_tl_9" custom="readingOrder {index:8;}">
                <Coords points="3211,2978 3227,2978 3236,2991 3246,2991 3296,2953 3324,2959 3362,2944 3378,2947 3381,2856 3356,2846 3331,2859 3305,2856 3277,2824 3239,2849 3233,2840 3217,2840"/>
                <Baseline points="3232,2933 3297,2933 3387,2927"/>
                <TextEquiv>
                    <Unicode>icht.</Unicode>
                </TextEquiv>
            </TextLine>
            <TextLine id="tr_2_tl_10" custom="readingOrder {index:9;}">
                <Coords points="855,3167 3265,3173 3375,3161 3378,2997 859,3057"/>
                <Baseline points="872,3130 878,3130 967,3130 1057,3124 1147,3124 1236,3124 1326,3124 1415,3118 1505,3118 1595,3118 1684,3112 1774,3112 1864,3106 1953,3106 2043,3100 2132,3100 2222,3100 2312,3100 2401,3100 2491,3094 2581,3094 2670,3088 2760,3088 2849,3082 2939,3076 3029,3070 3118,3070 3208,3070 3297,3070 3387,3064"/>
                <TextEquiv>
                    <Unicode>weiter, nicht wahr? Wir haben Dinge miteinander zu be-</Unicode>
                </TextEquiv>
            </TextLine>
            <TextLine id="tr_2_tl_11" custom="readingOrder {index:10;}">
                <Coords points="871,3381 2676,3362 2676,3227 2412,3255 1972,3161 1296,3258 871,3211"/>
                <Baseline points="890,3309 938,3309 1027,3303 1117,3303 1206,3303 1296,3297 1386,3297 1475,3297 1565,3291 1654,3291 1744,3286 1834,3286 1923,3286 2013,3280 2103,3280 2192,3280 2282,3280 2371,3291 2461,3297 2491,3297 2581,3303 2670,3297 2682,3297"/>
                <TextEquiv>
                    <Unicode>sprechen, die uns näher angehen.</Unicode>
                </TextEquiv>
            </TextLine>
            <TextLine id="tr_2_tl_12" custom="readingOrder {index:11;}">
                <Coords points="868,3554 962,3570 1066,3516 1249,3560 1352,3519 1686,3541 1692,3356 1519,3415 1346,3390 1299,3422 1135,3400 1066,3431 871,3428"/>
                <Baseline points="890,3495 979,3483 1069,3483 1159,3477 1248,3477 1338,3477 1427,3477 1517,3471 1607,3471 1696,3477"/>
                <TextEquiv>
                    <Unicode>Ich wüsste nicht.</Unicode>
                </TextEquiv>
            </TextLine>
            <TextLine id="tr_2_tl_13" custom="readingOrder {index:12;}">
                <Coords points="2535,3513 2607,3532 2689,3507 2774,3516 2799,3541 2821,3522 2890,3532 2941,3516 2944,3393 2878,3406 2859,3387 2802,3428 2783,3409 2680,3422 2613,3368 2538,3368"/>
                <Baseline points="2551,3483 2586,3483 2676,3483 2766,3483 2855,3477 2945,3477"/>
                <TextEquiv>
                    <Unicode>utter, wo</Unicode>
                </TextEquiv>
            </TextLine>
            <TextLine id="tr_2_tl_14" custom="readingOrder {index:13;}">
                <Coords points="2249,3526 2305,3526 2340,3541 2396,3513 2422,3522 2453,3510 2497,3519 2491,3387 2444,3403 2431,3390 2406,3400 2396,3390 2368,3406 2324,3381 2280,3393 2242,3387"/>
                <Baseline points="2264,3483 2353,3483 2443,3495 2503,3489"/>
                <TextEquiv>
                    <Unicode>Herrn</Unicode>
                </TextEquiv>
            </TextLine>
            <TextLine id="tr_2_tl_15" custom="readingOrder {index:14;}">
                <Coords points="399,3513 425,3507 478,3544 509,3522 563,3526 579,3541 613,3522 698,3526 698,3362 654,3384 616,3371 532,3415 484,3397 434,3422 399,3409"/>
                <Baseline points="418,3495 507,3495 597,3495 687,3495 705,3495"/>
                <TextEquiv>
                    <Unicode>Marie:</Unicode>
                </TextEquiv>
            </TextLine>
            <TextLine id="tr_2_tl_16" custom="readingOrder {index:15;}">
                <Coords points="868,3727 2925,3708 3242,3673 3246,3513 1333,3610 871,3557"/>
                <Baseline points="884,3668 920,3662 1009,3662 1099,3662 1188,3656 1278,3656 1368,3650 1457,3650 1547,3650 1637,3650 1726,3650 1816,3644 1905,3644 1995,3644 2085,3644 2174,3638 2264,3632 2353,3626 2443,3626 2533,3626 2622,3620 2712,3626 2802,3614 2891,3614 2981,3608 3070,3608 3160,3608 3250,3614"/>
                <TextEquiv>
                    <Unicode>Also, kurz und gut, da ich ja ein Paar Augen hab und</Unicode>
                </TextEquiv>
            </TextLine>
            <TextLine id="tr_2_tl_17" custom="readingOrder {index:16;}">
                <Coords points="406,3768 462,3755 500,3780 544,3743 566,3755 607,3739 654,3758 708,3758 711,3607 572,3544 513,3588 409,3614"/>
                <Baseline points="424,3680 448,3674 537,3674 627,3668 716,3674"/>
                <TextEquiv>
                    <Unicode>Elisa:</Unicode>
                </TextEquiv>
            </TextLine>
            <TextLine id="tr_2_tl_18" custom="readingOrder {index:17;}">
                <Coords points="871,3931 3265,3884 3321,3699 874,3727"/>
                <Baseline points="890,3841 908,3835 997,3835 1087,3835 1176,3829 1266,3829 1356,3829 1445,3829 1535,3823 1625,3823 1714,3823 1804,3817 1893,3817 1983,3817 2073,3817 2162,3811 2252,3805 2342,3805 2431,3805 2521,3799 2610,3799 2700,3793 2790,3793 2879,3793 2969,3787 3058,3787 3148,3781 3238,3781 3327,3781"/>
                <TextEquiv>
                    <Unicode>Überhaupt nicht auf den Kopf gefallen bin, ist es mir</Unicode>
                </TextEquiv>
            </TextLine>
            <TextLine id="tr_2_tl_19" custom="readingOrder {index:18;}">
                <Coords points="871,4076 3258,4048 3353,4026 3359,3875 874,3938"/>
                <Baseline points="890,4026 943,4014 1033,4008 1123,4008 1212,4008 1302,4008 1392,4008 1481,4002 1571,4002 1660,4002 1750,3996 1840,3996 1929,3996 2019,3996 2109,3991 2198,3985 2288,3985 2377,3979 2467,3979 2557,3979 2646,3979 2736,3973 2825,3973 2915,3967 3005,3967 3094,3967 3184,3967 3274,3961 3363,3967"/>
                <TextEquiv>
                    <Unicode>natürlich nicht verborgen geblieben, dass Sie den Karl</Unicode>
                </TextEquiv>
            </TextLine>
        </TextRegion>
        <TextRegion id="tr_3" custom="readingOrder {index:2;}">
            <Coords points="872,4090 3339,4090 3339,5118 872,5118"/>
            <TextLine id="tr_3_tl_1" custom="readingOrder {index:0;}">
                <Coords points="868,4261 3098,4249 3327,4211 3334,4066 871,4098"/>
                <Baseline points="884,4212 920,4206 1009,4194 1099,4194 1188,4188 1278,4188 1368,4188 1457,4182 1547,4182 1637,4182 1726,4176 1816,4176 1905,4176 1995,4176 2085,4170 2174,4170 2264,4164 2353,4164 2443,4158 2533,4158 2622,4158 2712,4158 2802,4152 2891,4152 2981,4146 3070,4146 3160,4152 3250,4140 3339,4140"/>
                <TextEquiv>
                    <Unicode>gern haben. Oh, mir liegt nichts dran,gar nicht. Ich</Unicode>
                </TextEquiv>
            </TextLine>
            <TextLine id="tr_3_tl_2" custom="readingOrder {index:1;}">
                <Coords points="881,4438 3145,4419 3309,4403 3312,4258 884,4306"/>
                <Baseline points="902,4379 985,4373 1075,4373 1165,4367 1254,4367 1344,4367 1433,4361 1523,4367 1613,4361 1702,4361 1792,4361 1881,4361 1971,4355 2061,4349 2150,4349 2240,4343 2330,4343 2419,4343 2509,4343 2598,4343 2688,4337 2778,4337 2867,4337 2957,4331 3047,4331 3136,4325 3226,4325 3315,4331"/>
                <TextEquiv>
                    <Unicode>bin nicht eifersüchtig, und ich wär' es nicht, einmal,</Unicode>
                </TextEquiv>
            </TextLine>
            <TextLine id="tr_3_tl_3" custom="readingOrder {index:2;}">
                <Coords points="868,4598 3287,4598 3321,4419 871,4434"/>
                <Baseline points="884,4570 908,4558 997,4552 1087,4552 1176,4546 1266,4546 1356,4546 1445,4540 1535,4540 1625,4540 1714,4540 1804,4540 1893,4540 1983,4540 2073,4534 2162,4528 2252,4522 2342,4522 2431,4522 2521,4516 2610,4516 2700,4516 2790,4510 2879,4510 2969,4510 3058,4510 3148,4504 3238,4498 3327,4498"/>
                <TextEquiv>
                    <Unicode>wenn er auch in Sie verliebt wäre. Aber er hängt</Unicode>
                </TextEquiv>
            </TextLine>
            <TextLine id="tr_3_tl_4" custom="readingOrder {index:3;}">
                <Coords points="890,4793 2151,4724 3331,4799 3334,4601 2142,4658 1506,4589 890,4677"/>
                <Baseline points="908,4737 920,4731 1009,4731 1099,4731 1188,4725 1278,4725 1368,4725 1457,4725 1547,4719 1637,4719 1726,4719 1816,4719 1905,4719 1995,4719 2085,4713 2174,4707 2264,4701 2353,4701 2443,4701 2533,4701 2622,4701 2712,4696 2802,4696 2891,4696 2981,4696 3070,4690 3160,4690 3250,4684 3339,4684"/>
                <TextEquiv>
                    <Unicode>vorläufig noch an mir. Ich weiss. Nun, wenn ich nicht</Unicode>
                </TextEquiv>
            </TextLine>
            <TextLine id="tr_3_tl_5" custom="readingOrder {index:4;}">
                <Coords points="874,4997 3205,4950 3283,4935 3287,4790 1689,4758 877,4843"/>
                <Baseline points="896,4917 961,4911 1051,4911 1141,4905 1230,4905 1320,4905 1410,4905 1499,4899 1589,4899 1678,4899 1768,4899 1858,4893 1947,4893 2037,4893 2126,4887 2216,4887 2306,4887 2395,4881 2485,4881 2575,4881 2664,4875 2754,4875 2843,4869 2933,4863 3023,4863 3112,4863 3202,4857 3291,4857"/>
                <TextEquiv>
                    <Unicode>mehr da bin, wird sich das geben und je freundlicher</Unicode>
                </TextEquiv>
            </TextLine>
            <TextLine id="tr_3_tl_6" custom="readingOrder {index:5;}">
                <Coords points="852,5205 1183,5117 3321,5155 3324,4972 3170,4960 859,4994"/>
                <Baseline points="872,5108 914,5108 1003,5108 1093,5102 1182,5096 1272,5090 1362,5090 1451,5084 1541,5084 1631,5084 1720,5078 1810,5078 1899,5078 1989,5078 2079,5072 2168,5072 2258,5066 2348,5066 2437,5066 2527,5060 2616,5060 2706,5060 2796,5054 2885,5054 2975,5054 3064,5054 3154,5054 3244,5054 3333,5042"/>
                <TextEquiv>
                    <Unicode>Sie sich seiner annehmen werden, umso rascher wird er</Unicode>
                </TextEquiv>
            </TextLine>
        </TextRegion>
    </Page>
</PcGts>
