3816 5576
817 512 3266 724 schöneres Zimmer bei Ihnen. Oder wer weiss, wir wohn-
817 666 3349 894 ten gar drüben beim Schwarzen Adler, wie die wirklichen
808 898 3240 1036 Herrn Ingenieure. Das hat seine Richtigkeit,
824 1052 3349 1219 (hat sich ihr gegenüber gesetzt) Das könnt ich Ihnen
364 1071 660 1239 Marie:
811 1197 3394 1422 nicht übel nehmen, Frau Elisa. Bei uns sieht es freilich
808 1384 3243 1606 nicht sehr vornehm aus. Aber im nächsten Jahre will
2674 1570 2831 1757 G.H.F.P.
824 1570 1885 1782 der Vater renovieren.
824 1747 2828 1937 Aufrichtig gesagt, es könnte nicht schaden.
357 1828 672 2008 Elisa:
820 1950 3317 2181 Ihnen kann's wohl gleich sein, denk ich. Sie kommen ja
364 1982 669 2153 Marie:
837 2130 1708 2301 doch nicht wieder.
837 2310 3394 2461 Kaum. Man wäre schliesslich lang genug da gewesen; sechs
357 2307 692 2477 Elisa:
840 2455 3349 2642 Monate. Im nächsten Jahr werden Sie überhaupt bessere
837 2651 3398 2841 Kundschaft haben, wenn einmal die Bergbahn eröffnet ist.
846 2828 3079 3060 Das soll ja noch heuer im Spätherbst geschehen.
376 2864 679 3008 Marie:
840 3005 3382 3163 Da ist dann das ganze Gesindel aus der Ortschaft fort.
370 3031 676 3205 Elisa:
859 3185 1454 3378 -Gesindel! -
376 3234 685 3366 Marie:
837 3333 3266 3530 Leute, die kein Geld haben, sind immer Gesindel. Dann
383 3420 695 3610 Marie:
840 3571 3417 3723 werden Sie auch Ihre miserabelsten Löcher für Touristen
840 3694 3320 3906 zur Verfügung haben, und für einen Tag mehr verlangen
837 3906 3314 4083 können als jetzt für eine Woche. Und nebstbei - (sie
840 4041 3407 4247 steht auf) nebstbei wird man Ihnen nicht schuldig blei-
846 4228 3433 4437 ben. Aber Ihr Vater soll nur keine Angst haben, Eh wir
843 4414 3234 4617 abreisen, wird alles bezahlt sein. Schlimmstenfalls
846 4575 3150 4762 schickt man's Ihnen. ich's besser verdiene. Karl
853 4739 3304 4981 (kopfschüttelnd) Mein Vater hat von Ihnen noch immer
380 4791 695 5013 Marie:
