4024 5560
992 517 3379 804 für Tag sieht - Oh, nehmen Sie mir's nicht übel, ich
1001 733 3537 963 weiss schon, bei Ihnen ist das anders. Wenn ich so wäre
3107 846 3388 940 G.C.F.G.P.
995 940 3495 1150 wie Sie - ach ja.- - Wir haben übrigens auch ein Kind
3246 1024 3411 1114 sick
1001 1098 3430 1315 gehabt. Das ist drei Tage nach der Geburt gestorben.
1001 1273 3340 1486 In einem mährischen Dorf ist das passiert. Ich wär
995 1463 3382 1676 auch beinah draufgegangen. Ja, man macht viel durch.
995 1625 3350 1841 Aber nun, hab ich’s satt. Alles. Ich will auch kein
995 1770 3398 2006 Kind mehr haben. Nie. Dazu taug ich nicht. Und will
1001 1954 3440 2219 nicht so hundemässig weiter existieren und zu alldem
995 2193 3446 2361 in der ewigen Angst leben, dass mich Karl einmal aus
1014 2374 3488 2555 Eifersucht umbringt. Denn auch so was könnte mir blü-
995 2516 3592 2720 hen.Sehr leicht sogar. Ja, meine kleine Marie. Denn auch
985 2684 3550 2862 von der Treue hab ich genug. Oh, schon lange. Aber auch
1008 2897 3417 3049 in dieser Hinsicht habe ich bisher nicht viel Glück
985 3007 3534 3236 gehabt. Na, all das soll jetzt anders werden. Gründlich
985 3249 3392 3421 anders. Was, Sie sehen mich an,Marie? Ja, so bin ich.
1001 3401 3421 3627 Nun, begreifen Sie, dass Sie ein gutes Werk an ihm tä-
998 3582 2597 3815 ten, wenn Sie sich seiner annähmen?
1001 3750 3514 3992 (ausbrechend) Sie werden ihn nicht verlassen. Sie dür-
533 3718 824 3915 Marie:
995 3941 2930 4167 fen ihn nicht verlassen. Es wär sein Tod!
995 4112 3392 4325 Oh, daran stirbt man nicht. Und besonders,wenn Sie -
514 4109 837 4277 Elisa:
3314 4167 3511 4367 G.H.F.P
985 4309 3356 4486 Sie glauben doch nicht, ich könnte mich zu so etwas
530 4309 830 4486 Marie:
985 4470 3343 4693 hergeben? Selbst wenn er mir - selbst, wenn ich ihn
2936 4570 3291 4755 Eur Gæli
975 4671 1334 4864 liebte.
1415 4719 3278 4868 ist zur Gattin eines Oberaufsehers oder
985 4842 3388 5039 Er wird Sie geradeso gern haben mit der Zeit,wie er
507 4822 814 5010 Elisa:
