<?xml version="1.0" encoding="UTF-8" standalone="yes"?>
<PcGts xmlns="http://schema.primaresearch.org/PAGE/gts/pagecontent/2013-07-15" xmlns:xsi="http://www.w3.org/2001/XMLSchema-instance" xsi:schemaLocation="http://schema.primaresearch.org/PAGE/gts/pagecontent/2013-07-15 http://schema.primaresearch.org/PAGE/gts/pagecontent/2013-07-15/pagecontent.xsd">
    <Metadata>
        <Creator>prov=READ-COOP:name=TrHtr:version=2.1.0:model_id=51170:date=15_08_2023_03:31</Creator>
        <Created>2023-05-10T14:58:40.177+02:00</Created>
        <LastChange>2023-08-15T03:31:00.683+02:00</LastChange>
        <TranskribusMetadata docId="1428696" pageId="55428208" pageNr="82" tsid="132838418" status="IN_PROGRESS" userId="64420" imgUrl="https://files.transkribus.eu/Get?id=GNBMZLCAUXBFGARQUCHKCGMJ&amp;fileType=view" xmlUrl="https://files.transkribus.eu/Get?id=OKYLIOZODPXMTJDJECERJHBB" imageId="44702281"/>
    </Metadata>
    <Page imageFilename="1428696_0082.jpg" imageWidth="4088" imageHeight="5672">
        <ReadingOrder>
            <OrderedGroup id="ro_1711808492482" caption="Regions reading order">
                <RegionRefIndexed index="0" regionRef="tr_1"/>
            </OrderedGroup>
        </ReadingOrder>
        <TextRegion id="tr_1" custom="readingOrder {index:0;}">
            <Coords points="603,600 3516,600 3516,2637 603,2637"/>
            <TextLine id="tr_1_tl_1" custom="readingOrder {index:0;}">
                <Coords points="1045,822 2405,710 3335,768 3378,573 2898,508 2311,613 1053,620"/>
                <Baseline points="1068,728 1140,716 1229,722 1319,716 1409,722 1498,722 1588,722 1677,716 1767,710 1856,704 1946,698 2035,692 2125,692 2215,692 2304,686 2394,686 2483,686 2573,680 2662,668 2752,668 2841,668 2931,668 3021,662 3110,656 3200,662 3289,656 3379,650"/>
                <TextEquiv>
                    <Unicode>(eine Weile unschlüssig, stürzt plötzlich wie wahns</Unicode>
                </TextEquiv>
            </TextLine>
            <TextLine id="tr_1_tl_2" custom="readingOrder {index:1;}">
                <Coords points="584,808 631,800 667,818 703,804 746,826 764,808 789,818 818,804 840,822 865,800 905,815 912,616 880,602 854,609 829,588 793,609 750,609 707,588 663,609 609,559 591,559"/>
                <Baseline points="603,740 650,740 740,734 829,728 919,734"/>
                <TextEquiv>
                    <Unicode>Elisa:</Unicode>
                </TextEquiv>
            </TextLine>
            <TextLine id="tr_1_tl_3" custom="readingOrder {index:2;}">
                <Coords points="1031,995 1327,919 2397,977 2693,890 3461,898 3497,750 1038,818"/>
                <Baseline points="1056,913 1086,907 1176,907 1265,901 1355,895 1444,895 1534,889 1623,889 1713,889 1803,883 1892,883 1982,877 2071,877 2161,877 2250,871 2340,865 2430,865 2519,859 2609,859 2698,847 2788,847 2877,847 2967,841 3056,841 3146,841 3236,835 3325,835 3415,835 3504,829"/>
                <TextEquiv>
                    <Unicode>nis zwischen den Leuten, die vor der Türe angesammelt</Unicode>
                </TextEquiv>
            </TextLine>
            <TextLine id="tr_1_tl_4" custom="readingOrder {index:3;}">
                <Coords points="1045,1150 1125,1157 1193,1121 1233,1154 1294,1121 1345,1146 1460,1103 1622,1161 1629,930 1510,995 1471,973 1381,995 1345,970 1294,995 1258,966 1204,981 1182,959 1103,1006 1049,988"/>
                <Baseline points="1068,1086 1098,1080 1188,1074 1277,1068 1367,1062 1456,1062 1546,1068 1635,1068"/>
                <TextEquiv>
                    <Unicode>sind. davon)</Unicode>
                </TextEquiv>
            </TextLine>
            <TextLine id="tr_1_tl_5" custom="readingOrder {index:4;}">
                <Coords points="1049,1301 3154,1190 3436,1247 3490,952 2751,1118 2113,1045 1795,1168 1053,1136"/>
                <Baseline points="1068,1247 1074,1241 1164,1241 1253,1241 1343,1235 1432,1229 1522,1229 1612,1229 1701,1229 1791,1229 1880,1223 1970,1223 2059,1217 2149,1217 2238,1212 2328,1206 2418,1206 2507,1206 2597,1200 2686,1194 2776,1194 2865,1194 2955,1188 3044,1188 3134,1182 3224,1182 3313,1176 3403,1176 3492,1176"/>
                <TextEquiv>
                    <Unicode>Nun, Herr Wachtmeister, was zögern Sie? Hier sind die</Unicode>
                </TextEquiv>
            </TextLine>
            <TextLine id="tr_1_tl_6" custom="readingOrder {index:5;}">
                <Coords points="584,1363 638,1341 653,1348 674,1330 721,1348 764,1312 847,1330 854,1085 811,1074 725,1082 707,1063 667,1085 642,1074 595,1085"/>
                <Baseline points="608,1253 680,1253 770,1247 859,1247"/>
                <TextEquiv>
                    <Unicode>Karl:</Unicode>
                </TextEquiv>
            </TextLine>
            <TextLine id="tr_1_tl_7" custom="readingOrder {index:6;}">
                <Coords points="1009,1507 2329,1384 2545,1467 2700,1377 2906,1402 2909,1265 2502,1240 2069,1330 1914,1244 1698,1291 1442,1229 1017,1323"/>
                <Baseline points="1032,1415 1122,1415 1212,1415 1301,1415 1391,1409 1480,1409 1570,1403 1659,1403 1749,1397 1838,1397 1928,1397 2018,1391 2107,1391 2197,1385 2286,1379 2376,1379 2465,1379 2555,1373 2644,1373 2734,1367 2824,1367 2913,1361"/>
                <TextEquiv>
                    <Unicode>zweihundert Kronen. Der Mörder bin ich!</Unicode>
                </TextEquiv>
            </TextLine>
            <TextLine id="tr_1_tl_8" custom="readingOrder {index:7;}">
                <Coords points="580,1723 1824,1579 2610,1565 2812,1666 3392,1572 3479,1413 588,1478"/>
                <Baseline points="603,1600 620,1600 710,1600 800,1594 889,1594 979,1588 1068,1588 1158,1588 1247,1582 1337,1588 1426,1582 1516,1588 1606,1582 1695,1576 1785,1570 1874,1570 1964,1570 2053,1564 2143,1564 2232,1558 2322,1558 2412,1558 2501,1552 2591,1552 2680,1546 2770,1546 2859,1546 2949,1540 3038,1534 3128,1534 3218,1528 3307,1528 3397,1522 3486,1528"/>
                <TextEquiv>
                    <Unicode>Wachtmeister: Platz da! Herr Oberaufseher Bengler, ich erkläre</Unicode>
                </TextEquiv>
            </TextLine>
            <TextLine id="tr_1_tl_9" custom="readingOrder {index:8;}">
                <Coords points="1049,1799 1208,1860 1835,1788 1983,1875 2394,1741 2974,1766 2978,1626 1730,1647 1539,1709 1410,1633 1049,1669"/>
                <Baseline points="1068,1767 1098,1767 1188,1761 1277,1761 1367,1761 1456,1761 1546,1755 1635,1755 1725,1755 1815,1749 1904,1749 1994,1743 2083,1743 2173,1737 2262,1737 2352,1737 2441,1731 2531,1731 2621,1725 2710,1725 2800,1719 2889,1719 2979,1713"/>
                <TextEquiv>
                    <Unicode>Sie für verhaftet im Namen des Gesetzes.</Unicode>
                </TextEquiv>
            </TextLine>
            <TextLine id="tr_1_tl_10" custom="readingOrder {index:9;}">
                <Coords points="1060,1979 2733,2051 2859,1968 3508,1976 3511,1806 3169,1720 2675,1831 2329,1759 1983,1875 1063,1824"/>
                <Baseline points="1080,1952 1098,1952 1188,1946 1277,1946 1367,1940 1456,1940 1546,1940 1635,1934 1725,1934 1815,1928 1904,1928 1994,1928 2083,1922 2173,1916 2262,1910 2352,1916 2441,1916 2531,1910 2621,1910 2710,1910 2800,1904 2889,1904 2979,1898 3068,1892 3158,1892 3247,1892 3337,1886 3427,1892 3516,1898"/>
                <TextEquiv>
                    <Unicode>(die im Zimmer nahe der Türe steht, sinkt ohnmächtig</Unicode>
                </TextEquiv>
            </TextLine>
            <TextLine id="tr_1_tl_11" custom="readingOrder {index:10;}">
                <Coords points="598,1965 656,1979 678,1968 707,1990 746,1976 779,2015 797,2008 880,2048 916,2037 919,1846 880,1831 800,1878 750,1867 707,1893 598,1867"/>
                <Baseline points="620,1958 656,1958 746,1952 835,1952 925,1952"/>
                <TextEquiv>
                    <Unicode>Marie:</Unicode>
                </TextEquiv>
            </TextLine>
            <TextLine id="tr_1_tl_12" custom="readingOrder {index:11;}">
                <Coords points="1056,2177 1312,2213 1565,2167 1655,2206 1709,2159 1943,2138 2022,2177 2181,2131 2350,2213 2358,2026 2210,1986 1745,2022 1680,1976 1561,2026 1060,2044"/>
                <Baseline points="1080,2143 1110,2131 1200,2131 1289,2125 1379,2119 1468,2119 1558,2113 1647,2107 1737,2113 1826,2107 1916,2107 2006,2101 2095,2101 2185,2101 2274,2095 2364,2095"/>
                <TextEquiv>
                    <Unicode>in die Arme ihres Vaters).</Unicode>
                </TextEquiv>
            </TextLine>
            <TextLine id="tr_1_tl_13" custom="readingOrder {index:12;}">
                <Coords points="1867,2578 1936,2545 2051,2574 2336,2527 2412,2563 2596,2549 2596,2433 2502,2433 2361,2365 2149,2462 1972,2376 1871,2379"/>
                <Baseline points="1886,2537 1976,2537 2065,2537 2155,2537 2244,2537 2334,2531 2424,2531 2513,2531 2603,2537"/>
                <TextEquiv>
                    <Unicode>Vorhang.</Unicode>
                </TextEquiv>
            </TextLine>
            <TextLine id="tr_1_tl_14" custom="readingOrder {index:13;}">
                <Coords points="1864,2718 1990,2711 2289,2765 2433,2725 2491,2747 2624,2711 2632,2560 2415,2563 2325,2534 2185,2563 2116,2542 2030,2574 1936,2549 1867,2578"/>
                <Baseline points="1886,2627 1922,2621 2012,2621 2101,2615 2191,2609 2280,2603 2370,2603 2459,2597 2549,2603 2638,2603"/>
                <TextEquiv>
                    <Unicode>................. ̃-</Unicode>
                </TextEquiv>
            </TextLine>
        </TextRegion>
    </Page>
</PcGts>
