3816 5608
847 574 3204 770 Zuweilen schläft man wohl auch ein.
377 648 655 814 Karl:
385 784 3356 980 Wachtmeister: Haben Sie heute während der Mittagspause geschla-
2068 903 2523 1140 dig sind in
844 944 1961 1166 fen,Herr Oberaufseher?
855 1121 3341 1328 Ob ich - Es wäre möglich. Ja, ich glaube fast, dass ich
377 1184 659 1376 Karl:
862 1302 2194 1521 ein wenig geschlummert habe.
381 1450 3160 1684 Wachtmeister: Nun, was während dieser Zeit geschehen ist, das
851 1650 3330 1868 können Sie nicht wissen. Und Sie haben doch die Leute
855 1798 2930 2020 nicht ununterbrochen unter den Augen gehabt.
862 2035 3367 2179 Aber all das sind doch keine genügenden Verdachtsgrün¬
396 2024 651 2227 Karl:
862 2231 2105 2405 de gegen Raso uid Bardoni.
392 2405 3223 2549 Wachtmeister: Die Zwei sind nicht da, das steht fest. Und mit
858 2542 3382 2742 Verdachtsgründen fängt die Wahrheit an. In einer Stun-
870 2705 3304 2890 de wird der Kommissär aus Bozen hier sein den Tatbe-
873 2919 3389 3082 stand aufnehmen. Die zwei Leute fehlen nun einmal, also
851 3097 2005 3263 wird die Untersuchung -
862 3278 1587 3474 (Lärm in Hofe)
873 3411 3271 3652 (die am Fenster stand.hinunterblickend) Da sind sie
403 3456 714 3644 Elisa:
873 3659 1080 3800 ja.
400 3796 1291 4003 Wachtmeister: Wer?
884 3900 3134 4151 (auch beim Fenster) Ja, da sind Raso und Bardoni.
407 3996 670 4155 Karl:
422 4103 3289 4329 Wachtmeister: Hm. Immerhin bleibt es verdächtig, dass sie sich
877 4303 3286 4521 verspätet haben. (gibt sich einen Ruck, zum Fenster,
873 4470 3249 4695 ruft hinunter Roberto!rklich verhaften lassen, Herr
892 4651 2161 4869 (unten) Herr Wachtmeister -
414 4706 836 4873 Roberto:
884 4769 3371 5043 (tritt eiligst herein) Ich beschwöre Sie, Herr Wach t-
414 4877 707 5069 Wirt:
