3816 5656
2202 367 2540 633 1:1 (1)
804 656 3392 939 Das ist ja alles - nein, nein - Ich will, ich will alles
357 666 662 887 Marie:
829 852 1926 1093 das nicht gehört haben.
2922 955 3283 1196 an seiten.
2559 1035 2839 1193 a une e
823 1051 1325 1283 (lacht)
363 1074 675 1257 Elisa:
823 1173 3238 1418 Sie habe mich bei der Hand gehalten, Sie haben mich
354 1273 669 1476 Marie:
839 1389 2820 1617 nicht fortgelassen,glauben Sie nur nicht -
852 1527 3353 1775 Geben Sie Acht, ich höre seine Schritte auf der Treppe,
383 1604 682 1829 Elisa:
833 1733 3315 1961 Dass Sie sich nicht verraten, Marie. Da könnte die Sa-
852 1929 3283 2096 che sogar bösenden, sehr böse. Dagegen, wenn ich ein-
836 2096 3334 2331 mal fort bin, aber wir besprechen morgen alles Nähere.
836 2260 3305 2459 Ein anderes Gesicht, Marie, geschwind! Ja,so! So ist's
849 2447 2546 2640 gut. Sehen Sie, wenn man nur will - -
855 2630 3189 2829 (tritt ein;dreissig Jahre,in schlichter Kleidung)
383 2678 649 2807 Karl:
865 2823 3183 2977 Guten Abend, Elise. Guten abend, Fräulein Marie, wie
849 2948 3295 3180 geht's? Sie haben wohl schon gehört? Es ist heut Ei-
858 3128 3032 3328 ner umgebracht worden in der Nähe des Hotels.
2447 3311 2746 3463 weggi
871 3347 2080 3508 Weiss man schon Näheres?
412 3385 714 3527 Elisa:
871 3491 3221 3672 Ich weiss nicht mehr, als was mir Ihr Vater erzählt
405 3556 691 3720 Karl:
878 3713 1791 3890 hat unten am Thor.
2418 3797 3051 4048 it gestern. Es
881 3906 2376 4080 Ein alter Hofrat soll es sein.
405 3916 714 4051 Elisa:
887 4032 3315 4199 So?... Ja, ich habe auch so was gehört. Nun, auch Hof-
424 4109 678 4257 Karl:
887 4218 3356 4450 räte müssen sterben. Freilich, sonst hätten sie es
891 4350 3360 4601 gar zu gut.Hofrat sein, Vergnügungsreisen machen,in
900 4559 3328 4800 einem feinen Hotel wohnen, und dann noch ewig leben -
894 4771 2697 4964 das wäre zu viel.   Uebrigens gibt
907 4922 3035 5121 (beim Fenster) Da ist ja ein Gendarm im Hofe.
418 4986 746 5157 Elisa:
