3560 5640
2773 264 2958 502 34
524 477 3052 760 Keine Angst! Du hast ihn nicht umgebracht... Ich weiss.
543 678 3033 958 (beginnt zu verstehen, beinahe unhörb ar, mehr mit Blick
82 772 380 958 Elisa:
540 892 1520 1115 und Geste) Du - Du!
550 1093 1020 1300 Ich - ja.
100 1112 345 1313 Karl:
546 1181 3005 1448 Du? Du hast uns zusammen gesehen- Du bist uns nachge-
85 1269 389 1485 Elisa:
562 1426 2955 1639 gangen? Du hast uns gesehen? Du hast uns belauscht?
553 1583 2961 1831 Du hast mich davon gehen lassen - und dann gewartet
553 1762 2459 1962 bis er schläft - du, du Schuft, du feiger!
568 1903 2886 2148 Ich hab Euch nicht belauscht - Ich hab Buch nicht
100 1988 364 2204 Karl:
565 2132 3049 2314 gesehn - Ich bin kein Schuft, Elisa. Nichts hab ich ge-
581 2308 3068 2521 wusst, gar nichts. Wenn ich nur eine Ahnung gehabt hät-
587 2490 2933 2666 te,wie leicht du dir dein Geld verdienst,bei allen
575 2663 2107 2857 Heiligen, ich hätt's nicht getan.
587 2867 2050 3052 Du - hast ihn umgebracht, du?
122 2889 433 3109 Elisa:
587 2999 2992 3200 Es war ein hübscher Kerl, ja. Und so fein angezogen.
135 3112 377 3262 Karl:
606 3165 3080 3391 Meiner Seel, wie er da auf der Wiese lag, du kennst sie
600 3328 2961 3573 ja... er war wohl sehr müde von deinen Küssen? von
612 3542 3018 3733 deinen Küssen auf der grünen Wiese im Sonnen schein -
600 3708 3011 3906 Nicht gerührt, Elisa! Er schlief tief und fest. Wenn
606 3859 3080 4082 ich gewusst hätte, wer da liegt, dass vor einer Stunde,
631 4104 3146 4277 oder einer halben - Aber nichts heb ich gewusst. Keine
2349 4204 2653 4427 st sich
631 4258 2019 4453 blasse Ahnung hab ich gehabt.
641 4377 2484 4632 Und im Schlaff, im Schlaf hast du ihn -.
154 4468 458 4653 Elisa:
619 4578 2977 4810 Es wäre vielleicht besser gewesen, Aber er ist er-
154 4685 418 4886 Karl:
1620 4770 1972 4986 fest u
622 4785 1388 5008 wacht.
628 4870 3127 5231 So rede doch. Willst du nicht endlich? Rede!
163 4955 477 5219 Elisa:
