3800 5656
3048 287 3245 583 32
996 383 1566 548 Ihm zuverlehren sek.
2781 412 3007 606 Beaert
1627 396 2050 632 xx
822 512 1357 657 davon wolle,
793 564 3293 741 Rühr dich nicht! Rühr dich nicht! Ein Wort und du bist
345 606 586 793 Karl:
1879 680 2755 815 e Marie. Grad hab?
799 764 3284 915 des Todes! Ich schwör es dir! (Er sperrt die Türe ab.
2936 860 3119 1009 fasse
809 954 2214 1183 dann schliesst er das Fenster)
2388 1022 2713 1150 a hab il
822 1131 3242 1344 (eine Weile starr will zum Fenster hin,er ergreift
348 1150 654 1344 Elisa:
815 1299 3271 1511 sie bei beiden Händen, schleppt sie nach vorn, drückt
819 1502 2033 1721 sie auf den Divan nieder)
2146 1498 2514 1672 o sie in
819 1650 3287 1843 Ich könnte dich auch anbinden. Ich konnte dir auch ir-
380 1705 619 1853 Karl:
835 1830 3245 2053 gendwas in den Mund stopfen. Aber ich hoffe, es wird
828 1995 3258 2149 nicht nötig sein. Ein Wort und du bist - (er blickt
822 2156 3413 2427 sich im Zimmer um, dann geht er zur Kommode, wühlt zuerst
848 2369 1785 2588 in der oberen Lade)
854 2539 2555 2668 In aller Heiligen Namen, was tust du?
400 2572 693 2723 Elisa:
860 2684 3306 2855 Keinen Laut, wenn dir dein Leben lieb ist. (er öffnet
387 2778 648 2884 Karl:
854 2881 3219 3103 die untere Lade, wühlt darin findet das Gebetbuch)
873 3052 3258 3281 (hat sich unwillkürlich erhoben, steht regungslos)
396 3090 706 3290 Elisa:
886 3226 3358 3471 (durchblättert das Gebetbuch, schüttelt es, zwei Bank-
416 3284 670 3451 Karl:
873 3435 3222 3625 noten fallen heraus. Er nimmt die Banknoten in die
877 3593 2662 3812 Hand, hält sie wortlos Elisa entgegen)
889 3774 3258 3915 Ich hab ihn nicht ermordet. Bei allen Heiligen, ich
422 3819 722 3996 Elisa:
889 3896 3448 4102 hab ihn nicht - Um Gottes Willen versteck das Geld! Wenn
2845 4018 3032 4134 eld.
889 4122 3326 4273 man das bei uns fände,- Ich will dir ja alles erklä-
2449 4218 2775 4331 Ende, d
889 4254 3158 4460 ren. Ich hab es von ihm, ja. Er hat es mir geschenkt.
906 4489 3235 4634 Heute Früh. Er hat es mir geschenkt. Aber wenn du
1779 4595 2021 4715 Gefän
906 4663 3255 4818 glaubst - nein,nein, nein! Geschenkt! Er hat es mir
918 4795 3377 4998 gegeben, damit ich fort kann. Mit ihm hab ich auf und
2130 4943 2346 5101 wird
