<?xml version="1.0" encoding="UTF-8" standalone="yes"?>
<PcGts xmlns="http://schema.primaresearch.org/PAGE/gts/pagecontent/2013-07-15" xmlns:xsi="http://www.w3.org/2001/XMLSchema-instance" xsi:schemaLocation="http://schema.primaresearch.org/PAGE/gts/pagecontent/2013-07-15 http://schema.primaresearch.org/PAGE/gts/pagecontent/2013-07-15/pagecontent.xsd">
    <Metadata>
        <Creator>prov=READ-COOP:name=TrHtr:version=2.1.0:model_id=51170:date=15_08_2023_03:31</Creator>
        <Created>2023-05-10T14:58:43.996+02:00</Created>
        <LastChange>2023-08-15T03:31:08.777+02:00</LastChange>
        <TranskribusMetadata docId="1428696" pageId="55428393" pageNr="109" tsid="132838445" status="IN_PROGRESS" userId="64420" imgUrl="https://files.transkribus.eu/Get?id=BFXTONVUNXIEDHDNAFCOFWZF&amp;fileType=view" xmlUrl="https://files.transkribus.eu/Get?id=VPPQDCPBWJMUURZYWNZIKVLE" imageId="44702466"/>
    </Metadata>
    <Page imageFilename="1428696_0109.jpg" imageWidth="4056" imageHeight="5624">
        <ReadingOrder>
            <OrderedGroup id="ro_1711808575252" caption="Regions reading order">
                <RegionRefIndexed index="0" regionRef="tr_1"/>
            </OrderedGroup>
        </ReadingOrder>
        <TextRegion id="tr_1" custom="readingOrder {index:0;}">
            <Coords points="585,367 3635,367 3635,5138 585,5138"/>
            <TextLine id="tr_1_tl_1" custom="readingOrder {index:0;}">
                <Coords points="1191,483 1225,479 1240,467 1259,479 1297,452 1316,456 1335,441 1399,430 1395,283 1376,283 1331,324 1304,328 1293,320 1240,351 1188,351"/>
                <Baseline points="1211,417 1301,417 1391,423 1408,423"/>
                <TextEquiv>
                    <Unicode>G.H.P.</Unicode>
                </TextEquiv>
            </TextLine>
            <TextLine id="tr_1_tl_2" custom="readingOrder {index:1;}">
                <Coords points="878,445 909,452 924,471 954,467 976,475 1014,464 1044,479 1074,279 1033,275 973,313 958,313 950,302 931,309 924,294 905,294"/>
                <Baseline points="901,447 967,441 1056,423"/>
                <TextEquiv>
                    <Unicode>1.4.</Unicode>
                </TextEquiv>
            </TextLine>
            <TextLine id="tr_1_tl_3" custom="readingOrder {index:2;}">
                <Coords points="1041,694 1376,746 2790,694 2846,573 2036,618 1832,535 1346,626 1041,581"/>
                <Baseline points="1062,692 1152,692 1241,692 1331,692 1420,692 1510,692 1600,692 1689,686 1779,686 1868,686 1958,686 2047,680 2137,680 2226,680 2316,674 2406,674 2495,674 2585,668 2674,668 2764,662 2853,662"/>
                <TextEquiv>
                    <Unicode>beit heimgekommen sind als die Andern?</Unicode>
                </TextEquiv>
            </TextLine>
            <TextLine id="tr_1_tl_4" custom="readingOrder {index:3;}">
                <Coords points="2941,788 2971,795 3050,773 3137,833 3174,814 3201,829 3242,822 3254,652 3182,618 3137,615 3103,588 3046,584 3027,599 2952,584"/>
                <Baseline points="2961,758 2991,758 3080,758 3170,752 3259,740"/>
                <TextEquiv>
                    <Unicode>Die Räu-</Unicode>
                </TextEquiv>
            </TextLine>
            <TextLine id="tr_1_tl_5" custom="readingOrder {index:4;}">
                <Coords points="2450,799 2579,773 2647,792 2699,777 2767,788 2794,769 2873,780 2873,682 2831,667 2786,694 2741,675 2714,694 2680,679 2545,694 2507,679 2450,697"/>
                <Baseline points="2471,764 2561,764 2650,764 2740,764 2829,764 2883,764"/>
                <TextEquiv>
                    <Unicode>fratssohn.</Unicode>
                </TextEquiv>
            </TextLine>
            <TextLine id="tr_1_tl_6" custom="readingOrder {index:5;}">
                <Coords points="566,901 2420,856 2854,942 2858,769 2413,795 2074,690 569,777"/>
                <Baseline points="585,883 626,877 716,877 805,877 895,871 985,877 1074,871 1164,871 1253,871 1343,871 1432,865 1522,865 1611,865 1701,865 1791,865 1880,865 1970,865 2059,859 2149,859 2238,853 2328,847 2417,847 2507,847 2597,847 2686,841 2776,841 2865,841"/>
                <TextEquiv>
                    <Unicode>Zweite Stimme: Hüten Sie sich, Herr Wachtmeister!</Unicode>
                </TextEquiv>
            </TextLine>
            <TextLine id="tr_1_tl_7" custom="readingOrder {index:6;}">
                <Coords points="566,1093 1252,1052 1742,1146 3506,1029 3510,942 2006,976 1742,863 566,992"/>
                <Baseline points="585,1056 650,1056 740,1056 829,1050 919,1050 1008,1044 1098,1044 1188,1044 1277,1050 1367,1050 1456,1038 1546,1044 1635,1044 1725,1038 1814,1038 1904,1038 1994,1038 2083,1038 2173,1032 2262,1032 2352,1032 2441,1026 2531,1026 2620,1026 2710,1020 2800,1014 2889,1014 2979,1014 3068,1008 3158,1008 3247,1008 3337,1008 3426,1003 3516,997"/>
                <TextEquiv>
                    <Unicode>Wachtmeister: (zum Fenster) Oh, guten Abend. Herr Raso und Herr</Unicode>
                </TextEquiv>
            </TextLine>
            <TextLine id="tr_1_tl_8" custom="readingOrder {index:7;}">
                <Coords points="1041,1255 3401,1214 3446,1078 1764,1161 1044,1078"/>
                <Baseline points="1062,1223 1128,1223 1217,1223 1307,1223 1397,1223 1486,1217 1576,1217 1665,1217 1755,1211 1844,1211 1934,1211 2023,1205 2113,1205 2203,1205 2292,1205 2382,1200 2471,1200 2561,1200 2650,1194 2740,1194 2829,1194 2919,1194 3009,1188 3098,1188 3188,1188 3277,1188 3367,1188 3456,1176"/>
                <TextEquiv>
                    <Unicode>Bardoni, nicht wahr? Wer spricht dann von verhaften?</Unicode>
                </TextEquiv>
            </TextLine>
            <TextLine id="tr_1_tl_9" custom="readingOrder {index:8;}">
                <Coords points="3065,1308 3091,1312 3110,1293 3133,1293 3159,1312 3182,1289 3220,1304 3246,1286 3276,1304 3306,1286 3344,1316 3374,1304 3374,1210 3340,1214 3318,1199 3276,1214 3246,1203 3216,1225 3144,1199 3103,1237 3065,1229"/>
                <Baseline points="3086,1277 3176,1277 3265,1277 3355,1277 3385,1277"/>
                <TextEquiv>
                    <Unicode>G.C.F.F:F</Unicode>
                </TextEquiv>
            </TextLine>
            <TextLine id="tr_1_tl_10" custom="readingOrder {index:9;}">
                <Coords points="2236,1308 2296,1323 2322,1312 2341,1320 2360,1308 2379,1327 2515,1308 2515,1229 2466,1240 2447,1221 2432,1233 2417,1218 2375,1221 2364,1233 2330,1221 2307,1244 2288,1229 2273,1240 2236,1240"/>
                <Baseline points="2256,1301 2346,1295 2435,1295 2525,1295"/>
                <TextEquiv>
                    <Unicode>raub een</Unicode>
                </TextEquiv>
            </TextLine>
            <TextLine id="tr_1_tl_11" custom="readingOrder {index:10;}">
                <Coords points="1048,1402 3487,1395 3487,1301 3303,1282 1523,1365 1048,1255"/>
                <Baseline points="1068,1397 1080,1403 1170,1397 1259,1397 1349,1391 1438,1397 1528,1397 1617,1391 1707,1391 1797,1385 1886,1385 1976,1385 2065,1385 2155,1385 2244,1385 2334,1379 2423,1385 2513,1379 2603,1373 2692,1373 2782,1373 2871,1373 2961,1367 3050,1367 3140,1367 3229,1367 3319,1361 3409,1355 3498,1349"/>
                <TextEquiv>
                    <Unicode>Ich komme gleich herunter, wir wollen uns nur ein we-</Unicode>
                </TextEquiv>
            </TextLine>
            <TextLine id="tr_1_tl_12" custom="readingOrder {index:11;}">
                <Coords points="2266,1576 2432,1591 2515,1549 2567,1583 2609,1576 2609,1391 2552,1395 2526,1418 2469,1387 2390,1391 2334,1429 2266,1410"/>
                <Baseline points="2286,1480 2376,1474 2465,1480 2555,1474 2620,1480"/>
                <TextEquiv>
                    <Unicode>G.C.H.F.P.</Unicode>
                </TextEquiv>
            </TextLine>
            <TextLine id="tr_1_tl_13" custom="readingOrder {index:12;}">
                <Coords points="1052,1610 1142,1587 1206,1636 1304,1595 1376,1625 1538,1629 1610,1580 1825,1580 1828,1504 1617,1500 1549,1527 1399,1493 1369,1523 1255,1538 1225,1512 1056,1523"/>
                <Baseline points="1074,1576 1122,1582 1211,1576 1301,1576 1391,1570 1480,1570 1570,1570 1659,1570 1749,1564 1838,1564"/>
                <TextEquiv>
                    <Unicode>nig unterhalten.</Unicode>
                </TextEquiv>
            </TextLine>
            <TextLine id="tr_1_tl_14" custom="readingOrder {index:13;}">
                <Coords points="2616,1700 2647,1712 2665,1704 2696,1730 2748,1749 2778,1742 2846,1757 2854,1504 2835,1504 2794,1534 2763,1516 2718,1538 2692,1523 2658,1538 2620,1531"/>
                <Baseline points="2638,1647 2680,1647 2770,1641 2859,1641"/>
                <TextEquiv>
                    <Unicode>beek</Unicode>
                </TextEquiv>
            </TextLine>
            <TextLine id="tr_1_tl_15" custom="readingOrder {index:14;}">
                <Coords points="1987,1678 2013,1670 2066,1696 2141,1666 2217,1704 2273,1704 2352,1749 2420,1742 2424,1583 2311,1591 2281,1568 2239,1598 2198,1576 2141,1606 2077,1565 2024,1587 1991,1580"/>
                <Baseline points="2006,1659 2071,1665 2161,1659 2250,1659 2340,1659 2429,1653"/>
                <TextEquiv>
                    <Unicode>J. Bahnhor</Unicode>
                </TextEquiv>
            </TextLine>
            <TextLine id="tr_1_tl_16" custom="readingOrder {index:15;}">
                <Coords points="577,1836 980,1787 1037,1832 1237,1757 1787,1783 1859,1768 1862,1606 1350,1606 1176,1708 863,1625 581,1655"/>
                <Baseline points="597,1761 614,1761 704,1755 794,1755 883,1755 973,1755 1062,1755 1152,1755 1241,1755 1331,1749 1420,1749 1510,1749 1600,1743 1689,1743 1779,1743 1868,1737"/>
                <TextEquiv>
                    <Unicode>Erste Stimme: Unterhalten?</Unicode>
                </TextEquiv>
            </TextLine>
            <TextLine id="tr_1_tl_17" custom="readingOrder {index:16;}">
                <Coords points="3012,1825 3039,1832 3073,1821 3084,1836 3103,1840 3133,1825 3163,1828 3178,1844 3186,1836 3204,1840 3216,1704 3197,1704 3182,1685 3163,1700 3148,1689 3106,1700 3088,1685 3065,1689 3042,1712 3024,1708"/>
                <Baseline points="3038,1820 3128,1814 3217,1808"/>
                <TextEquiv>
                    <Unicode>G.C.F.P.</Unicode>
                </TextEquiv>
            </TextLine>
            <TextLine id="tr_1_tl_18" custom="readingOrder {index:17;}">
                <Coords points="577,2006 1293,1942 1406,2043 2326,2058 2549,1930 3544,1911 3544,1832 2270,1700 581,1874"/>
                <Baseline points="597,1934 686,1934 776,1934 865,1928 955,1928 1044,1928 1134,1928 1223,1922 1313,1922 1403,1922 1492,1922 1582,1916 1671,1916 1761,1916 1850,1916 1940,1916 2029,1910 2119,1910 2209,1910 2298,1910 2388,1904 2477,1904 2567,1904 2656,1904 2746,1898 2835,1898 2925,1898 3014,1898 3104,1892 3194,1892 3283,1886 3373,1886 3462,1886 3552,1886"/>
                <TextEquiv>
                    <Unicode>Zweite Stimme: Mit einem solchen Schafskopf unterhalten wir uns</Unicode>
                </TextEquiv>
            </TextLine>
            <TextLine id="tr_1_tl_19" custom="readingOrder {index:18;}">
                <Coords points="1041,2145 1078,2145 1108,2119 1218,2164 1237,2145 1297,2149 1338,2123 1376,2134 1376,2006 1320,2002 1270,1960 1248,1975 1176,1964 1123,1979 1090,1960 1063,1987 1044,1987"/>
                <Baseline points="1062,2107 1116,2107 1205,2101 1295,2101 1385,2101"/>
                <TextEquiv>
                    <Unicode>nicht.</Unicode>
                </TextEquiv>
            </TextLine>
            <TextLine id="tr_1_tl_20" custom="readingOrder {index:19;}">
                <Coords points="592,2311 3336,2296 3623,2254 3627,2040 2828,2028 2594,2126 2089,2024 901,2213 596,2138"/>
                <Baseline points="614,2274 674,2280 764,2280 853,2280 943,2280 1032,2274 1122,2274 1211,2268 1301,2274 1391,2268 1480,2268 1570,2268 1659,2268 1749,2262 1838,2262 1928,2262 2017,2262 2107,2262 2197,2262 2286,2262 2376,2262 2465,2262 2555,2256 2644,2256 2734,2250 2823,2250 2913,2250 3003,2244 3092,2244 3182,2244 3271,2244 3361,2238 3450,2238 3540,2238 3629,2232"/>
                <TextEquiv>
                    <Unicode>Wachtmeister! Ihr seid verhaftet! (Lärm unten) Ruhe! Wegen Wach¬</Unicode>
                </TextEquiv>
            </TextLine>
            <TextLine id="tr_1_tl_21" custom="readingOrder {index:20;}">
                <Coords points="1052,2466 3189,2469 3559,2424 3563,2285 2368,2383 1975,2288 1056,2296"/>
                <Baseline points="1074,2447 1152,2453 1241,2447 1331,2447 1420,2453 1510,2447 1600,2447 1689,2447 1779,2441 1868,2441 1958,2441 2047,2441 2137,2435 2226,2441 2316,2435 2406,2435 2495,2435 2585,2429 2674,2429 2764,2429 2853,2423 2943,2423 3032,2429 3122,2429 3212,2423 3301,2417 3391,2417 3480,2411 3570,2406"/>
                <TextEquiv>
                    <Unicode>beleidigung. Vorläufig wegen Wachebeleitigung, Robert-</Unicode>
                </TextEquiv>
            </TextLine>
            <TextLine id="tr_1_tl_22" custom="readingOrder {index:21;}">
                <Coords points="1067,2628 1214,2684 1983,2616 2089,2669 2609,2650 2609,2503 2428,2443 2315,2488 1708,2462 1583,2511 1259,2473 1067,2515"/>
                <Baseline points="1086,2626 1098,2626 1188,2626 1277,2626 1367,2620 1456,2620 1546,2620 1635,2620 1725,2620 1814,2620 1904,2614 1994,2614 2083,2614 2173,2609 2262,2609 2352,2609 2441,2614 2531,2614 2620,2620"/>
                <TextEquiv>
                    <Unicode>to, tu deine Pflicht! (Lärm unten)</Unicode>
                </TextEquiv>
            </TextLine>
            <TextLine id="tr_1_tl_23" custom="readingOrder {index:22;}">
                <Coords points="1067,2828 1146,2861 1546,2812 1602,2858 1670,2820 2119,2805 2123,2665 1844,2628 1761,2688 1531,2688 1482,2639 1425,2688 1323,2654 1071,2669"/>
                <Baseline points="1086,2806 1140,2806 1229,2806 1319,2800 1408,2794 1498,2800 1588,2800 1677,2800 1767,2794 1856,2794 1946,2794 2035,2788 2125,2788"/>
                <TextEquiv>
                    <Unicode>Oh, Herr Wachtmeister -</Unicode>
                </TextEquiv>
            </TextLine>
            <TextLine id="tr_1_tl_24" custom="readingOrder {index:23;}">
                <Coords points="592,2839 664,2839 690,2858 750,2828 769,2843 814,2824 871,2828 871,2733 826,2733 795,2752 758,2737 750,2745 724,2718 709,2722 694,2707 648,2718 633,2733 592,2733"/>
                <Baseline points="614,2812 704,2812 794,2812 877,2812"/>
                <TextEquiv>
                    <Unicode>Wirt:</Unicode>
                </TextEquiv>
            </TextLine>
            <TextLine id="tr_1_tl_25" custom="readingOrder {index:24;}">
                <Coords points="592,3020 3355,2997 3476,2956 3480,2786 596,2839"/>
                <Baseline points="614,2991 620,2985 710,2991 800,2991 889,2991 979,2985 1068,2985 1158,2979 1247,2979 1337,2979 1426,2979 1516,2979 1606,2979 1695,2973 1785,2973 1874,2973 1964,2967 2053,2967 2143,2967 2232,2967 2322,2967 2411,2961 2501,2961 2591,2961 2680,2955 2770,2955 2859,2955 2949,2955 3038,2955 3128,2949 3217,2949 3307,2949 3397,2943 3486,2943"/>
                <TextEquiv>
                    <Unicode>Wachtmeister: Soll ich sie etwa entwischen lassen? Jedes Jahr</Unicode>
                </TextEquiv>
            </TextLine>
            <TextLine id="tr_1_tl_26" custom="readingOrder {index:25;}">
                <Coords points="1078,3204 3378,3152 3461,3057 2013,3110 1482,3103 1342,2997 1082,3042"/>
                <Baseline points="1098,3158 1140,3158 1229,3158 1319,3158 1408,3158 1498,3152 1588,3152 1677,3152 1767,3146 1856,3146 1946,3146 2035,3146 2125,3146 2214,3146 2304,3146 2394,3140 2483,3140 2573,3140 2662,3134 2752,3134 2841,3134 2931,3134 3020,3128 3110,3128 3200,3128 3289,3128 3379,3122 3468,3122"/>
                <TextEquiv>
                    <Unicode>sitzen Hunderte auf einen Verdacht hin durch Monate</Unicode>
                </TextEquiv>
            </TextLine>
            <TextLine id="tr_1_tl_27" custom="readingOrder {index:26;}">
                <Coords points="1067,3359 3525,3321 3483,3227 1934,3284 1663,3189 1071,3204"/>
                <Baseline points="1092,3343 1116,3337 1205,3337 1295,3337 1385,3337 1474,3337 1564,3337 1653,3331 1743,3331 1832,3331 1922,3331 2011,3325 2101,3325 2191,3325 2280,3325 2370,3319 2459,3319 2549,3313 2638,3313 2728,3313 2817,3313 2907,3313 2997,3307 3086,3313 3176,3307 3265,3307 3355,3301 3444,3307 3534,3301"/>
                <TextEquiv>
                    <Unicode>im Gefängnis. Dann lässt man sie eben frei. Und wenn</Unicode>
                </TextEquiv>
            </TextLine>
            <TextLine id="tr_1_tl_28" custom="readingOrder {index:27;}">
                <Coords points="1067,3559 3434,3491 3434,3348 3125,3306 1071,3385"/>
                <Baseline points="1092,3510 1116,3510 1205,3510 1295,3510 1385,3510 1474,3510 1564,3510 1653,3510 1743,3510 1832,3510 1922,3504 2011,3504 2101,3504 2191,3498 2280,3498 2370,3498 2459,3498 2549,3492 2638,3492 2728,3492 2817,3492 2907,3492 2997,3492 3086,3486 3176,3486 3265,3480 3355,3480 3444,3480"/>
                <TextEquiv>
                    <Unicode>die Beiden sich zu rechtfertigen vermögen, so werde</Unicode>
                </TextEquiv>
            </TextLine>
            <TextLine id="tr_1_tl_29" custom="readingOrder {index:28;}">
                <Coords points="2948,3612 2978,3604 3042,3615 3069,3604 3095,3615 3122,3600 3155,3615 3189,3608 3193,3499 3159,3491 3144,3502 3088,3499 3069,3510 3046,3506 3035,3517 2952,3525"/>
                <Baseline points="2973,3588 3020,3588 3110,3588 3200,3582"/>
                <TextEquiv>
                    <Unicode>Lofta</Unicode>
                </TextEquiv>
            </TextLine>
            <TextLine id="tr_1_tl_30" custom="readingOrder {index:29;}">
                <Coords points="1067,3702 3438,3706 3510,3582 1067,3642"/>
                <Baseline points="1086,3701 1098,3701 1188,3695 1277,3695 1367,3695 1456,3689 1546,3689 1635,3689 1725,3689 1814,3683 1904,3683 1994,3683 2083,3683 2173,3683 2262,3683 2352,3677 2441,3677 2531,3677 2620,3671 2710,3665 2800,3671 2889,3671 2979,3665 3068,3665 3158,3665 3247,3665 3337,3659 3426,3659 3516,3659"/>
                <TextEquiv>
                    <Unicode>ich keinen Anstand nehmen, sie ohneweiters zu entlas-</Unicode>
                </TextEquiv>
            </TextLine>
            <TextLine id="tr_1_tl_31" custom="readingOrder {index:30;}">
                <Coords points="3133,3785 3201,3785 3231,3774 3269,3781 3310,3770 3416,3781 3416,3687 3367,3680 3344,3695 3329,3687 3314,3702 3276,3691 3257,3702 3246,3691 3204,3687 3171,3702 3155,3687 3133,3691"/>
                <Baseline points="3152,3761 3241,3761 3331,3761 3420,3761 3426,3761"/>
                <TextEquiv>
                    <Unicode>B.F.M.</Unicode>
                </TextEquiv>
            </TextLine>
            <TextLine id="tr_1_tl_32" custom="readingOrder {index:31;}">
                <Coords points="1071,3925 3446,3872 3446,3770 2910,3789 2767,3676 1071,3736"/>
                <Baseline points="1092,3868 1128,3868 1217,3874 1307,3874 1397,3868 1486,3868 1576,3868 1665,3862 1755,3862 1844,3862 1934,3862 2023,3856 2113,3856 2203,3856 2292,3856 2382,3856 2471,3850 2561,3850 2650,3850 2740,3844 2829,3844 2919,3844 3009,3844 3098,3838 3188,3832 3277,3838 3367,3832 3456,3832"/>
                <TextEquiv>
                    <Unicode>sen. Aber ich kann es doch nichtirkieren vor dem</Unicode>
                </TextEquiv>
            </TextLine>
            <TextLine id="tr_1_tl_33" custom="readingOrder {index:32;}">
                <Coords points="1059,4094 3578,4038 3548,3925 1335,4008 1063,3921"/>
                <Baseline points="1080,4059 1170,4053 1259,4047 1349,4053 1438,4047 1528,4047 1617,4047 1707,4047 1797,4047 1886,4041 1976,4041 2065,4041 2155,4035 2244,4035 2334,4035 2423,4035 2513,4035 2603,4029 2692,4029 2782,4029 2871,4029 2961,4023 3050,4023 3140,4023 3229,4023 3319,4017 3409,4017 3498,4017 3588,4023"/>
                <TextEquiv>
                    <Unicode>Herrn Kommissär mit leeren Händen zu stehen. Bedenken</Unicode>
                </TextEquiv>
            </TextLine>
            <TextLine id="tr_1_tl_34" custom="readingOrder {index:33;}">
                <Coords points="1071,4253 3167,4245 3385,4215 3389,4098 2963,4155 2334,4090 2070,4162 1074,4087"/>
                <Baseline points="1092,4232 1158,4232 1247,4232 1337,4226 1426,4226 1516,4226 1606,4226 1695,4226 1785,4220 1874,4220 1964,4220 2053,4220 2143,4220 2232,4215 2322,4215 2411,4215 2501,4209 2591,4209 2680,4209 2770,4209 2859,4209 2949,4203 3038,4203 3128,4203 3217,4197 3307,4197 3397,4191"/>
                <TextEquiv>
                    <Unicode>Sie doch! Ein Mord ist geschehen, ein grauenhafter</Unicode>
                </TextEquiv>
            </TextLine>
            <TextLine id="tr_1_tl_35" custom="readingOrder {index:34;}">
                <Coords points="1078,4434 1342,4467 1489,4411 1542,4445 1998,4426 2002,4237 1893,4275 1798,4249 1516,4290 1350,4241 1082,4268"/>
                <Baseline points="1098,4406 1110,4412 1200,4412 1289,4412 1379,4406 1468,4406 1558,4406 1647,4400 1737,4400 1826,4400 1916,4394 2006,4394"/>
                <TextEquiv>
                    <Unicode>Mord, ein Raubmord -</Unicode>
                </TextEquiv>
            </TextLine>
            <TextLine id="tr_1_tl_36" custom="readingOrder {index:35;}">
                <Coords points="1082,4599 1244,4626 1576,4592 1636,4637 1723,4626 1727,4418 1542,4445 1512,4422 1425,4456 1384,4437 1342,4467 1210,4430 1139,4460 1086,4445"/>
                <Baseline points="1104,4585 1194,4585 1283,4585 1373,4585 1462,4585 1552,4579 1641,4579 1731,4567"/>
                <TextEquiv>
                    <Unicode>Ein Raubmord?</Unicode>
                </TextEquiv>
            </TextLine>
            <TextLine id="tr_1_tl_37" custom="readingOrder {index:36;}">
                <Coords points="592,4626 660,4622 686,4603 709,4626 765,4611 818,4630 875,4618 871,4366 799,4377 780,4366 697,4418 588,4388"/>
                <Baseline points="614,4597 704,4597 794,4597 883,4603"/>
                <TextEquiv>
                    <Unicode>Karl:</Unicode>
                </TextEquiv>
            </TextLine>
            <TextLine id="tr_1_tl_38" custom="readingOrder {index:37;}">
                <Coords points="3333,4663 3491,4660 3544,4682 3574,4682 3582,4513 3540,4505 3495,4516 3416,4569 3397,4554 3382,4565 3336,4562"/>
                <Baseline points="3355,4644 3409,4650 3498,4644 3588,4638"/>
                <TextEquiv>
                    <Unicode>ich ta-</Unicode>
                </TextEquiv>
            </TextLine>
            <TextLine id="tr_1_tl_39" custom="readingOrder {index:38;}">
                <Coords points="1670,4694 1696,4694 1708,4705 1734,4690 1779,4705 1798,4694 1866,4697 1870,4562 1810,4554 1791,4573 1783,4577 1776,4565 1730,4596 1674,4599"/>
                <Baseline points="1689,4686 1695,4686 1785,4680 1874,4680"/>
                <TextEquiv>
                    <Unicode>G.C.F.P.</Unicode>
                </TextEquiv>
            </TextLine>
            <TextLine id="tr_1_tl_40" custom="readingOrder {index:39;}">
                <Coords points="588,4863 1263,4765 3548,4765 3548,4671 3061,4690 2903,4573 2096,4543 1776,4705 592,4622"/>
                <Baseline points="614,4776 686,4776 776,4770 865,4770 955,4770 1044,4770 1134,4770 1223,4764 1313,4764 1403,4764 1492,4764 1582,4758 1671,4758 1761,4758 1850,4758 1940,4758 2029,4752 2119,4752 2209,4752 2298,4746 2388,4746 2477,4746 2567,4746 2656,4740 2746,4740 2835,4740 2925,4734 3014,4734 3104,4734 3194,4734 3283,4734 3373,4728 3462,4728 3552,4728"/>
                <TextEquiv>
                    <Unicode>Wachtmeister: Nun freilich, was denn? Ein junger Mensch schläft</Unicode>
                </TextEquiv>
            </TextLine>
            <TextLine id="tr_1_tl_41" custom="readingOrder {index:40;}">
                <Coords points="1078,4995 3627,4946 3631,4795 1681,4901 1078,4803"/>
                <Baseline points="1098,4949 1128,4949 1217,4949 1307,4943 1397,4943 1486,4943 1576,4943 1665,4937 1755,4931 1844,4937 1934,4931 2023,4931 2113,4925 2203,4925 2292,4925 2382,4919 2471,4919 2561,4925 2650,4919 2740,4919 2829,4919 2919,4919 3009,4913 3098,4913 3188,4907 3277,4907 3367,4907 3456,4907 3546,4907 3635,4907"/>
                <TextEquiv>
                    <Unicode>im Walde, ein vornehmer junger Mensch, nicht etwa irgendi</Unicode>
                </TextEquiv>
            </TextLine>
            <TextLine id="tr_1_tl_42" custom="readingOrder {index:41;}">
                <Coords points="3208,5033 3269,5044 3306,5014 3385,5033 3582,5025 3582,4931 3532,4924 3468,4950 3389,4924 3363,4942 3329,4931 3295,4950 3280,4935 3208,4939"/>
                <Baseline points="3229,5015 3319,5009 3409,5003 3498,5003 3588,5015"/>
                <TextEquiv>
                    <Unicode>ich haben</Unicode>
                </TextEquiv>
            </TextLine>
            <TextLine id="tr_1_tl_43" custom="readingOrder {index:42;}">
                <Coords points="1783,5059 1866,5052 1926,5067 1945,5052 2198,5044 2198,4965 2156,4950 2104,4942 2047,4973 1953,4954 1911,4976 1787,4950"/>
                <Baseline points="1803,5044 1850,5044 1940,5044 2029,5038 2119,5032 2209,5032"/>
                <TextEquiv>
                    <Unicode>weihunder</Unicode>
                </TextEquiv>
            </TextLine>
            <TextLine id="tr_1_tl_44" custom="readingOrder {index:43;}">
                <Coords points="1082,5157 2677,5135 2858,5210 3461,5146 3465,5025 3122,5037 2952,4931 2307,4946 2198,5048 1930,5071 1636,4969 1086,4984"/>
                <Baseline points="1104,5122 1146,5128 1235,5128 1325,5122 1414,5122 1504,5116 1594,5116 1683,5116 1773,5116 1862,5116 1952,5116 2041,5110 2131,5110 2220,5110 2310,5104 2400,5104 2489,5104 2579,5104 2668,5098 2758,5098 2847,5098 2937,5092 3026,5098 3116,5092 3206,5092 3295,5092 3385,5086 3474,5092"/>
                <TextEquiv>
                    <Unicode>ein Landstreicher, nachdem kein Hahn kräht, nein, ein</Unicode>
                </TextEquiv>
            </TextLine>
        </TextRegion>
    </Page>
</PcGts>
