3832 5624
2669 407 2967 641 1 qq
852 520 2654 735 beit heimgekommen sind als die Andern?
385 743 2669 950 Zweite Stimme: Hüten Sie sich,Herr Wachtmeister!
396 909 3303 1146 Wachtmeister: (zum Fenster) Oh, guten Abend. Herr Raso und Herr
863 1090 3254 1240 Bardoni, nicht wahr? Wer spricht dann von verhaften?
856 1270 3314 1542 Ich komme gleich herunter, wir wollen uns nur ein we-
863 1489 1655 1629 nig unterhalten.
415 1663 1666 1832 Erste Stimme: Unterhalten?
411 1693 3382 2013 Zweite Stimme: Mit einem solchen Schafskopf unterhalten wir uns
875 2040 1195 2168 nicht.
418 2009 3450 2334 Wachtmeister: Ihr seid verhaftet! (Lärm unten) Ruhe! Wegen Wachs-
886 2292 3397 2511 beleidigung. Vorläufig wegen Wachsbeledigung, Robert-
897 2515 2450 2665 to, tu deine Pflicht! (Lärm unten)
916 2696 1938 2877 Oh, Herr Wachtmeister -
434 2729 697 2869 Wirt:
434 2850 3303 3020 Wachtmeister: Soll ich sie etwa entwischen lassen? Jedes Jahr
905 3035 3314 3208 sitzen Hunderte auf einen Verdacht hin durch Monate
916 3223 3378 3355 im Gefängnis. Dann lässt man sie eben frei. Und wenn
916 3401 3291 3570 die Beiden sich zu rechtfertigen vermögen, so werde
927 3574 3363 3721 ich keinen Anstand nehmen, sie ohneweiters zu entlas-
920 3736 3318 3921 sen. Aber ich kann es doch nichtirkieren vor dem
927 3887 3457 4079 Herrn Kommissär mit leeren Händen zu stehen. Bedenken
939 4109 3250 4286 Sie doch! Ein Mord ist geschehen, ein grauenhafter
954 4324 1851 4471 Mord, ein Raubmord -
935 4505 1580 4645 Ein Raubmord?
486 4385 731 4641 Karl:
483 4524 3416 4871 Wachtmeister: Nun freilich, was denn? Ein junger Mensch schläft
946 4799 3514 4988 im Walde, ein vornehmer junger Mensch, nicht etwa irgend
965 4999 3348 5203 ein Landstreicher, nach dem kein Hahn kräht,nein
