3816 5656
801 416 3165 629 davon wollen. Ich hab ihn gern gehabt. Ja..das ist
807 658 3165 817 nun einmal so. Frage die Marie. Grad hab ich's ihr
810 848 3298 1030 erzählt. Von dem Geld weiss sie nichts. Aber, dass ich
807 998 3365 1233 hab fort wollen, das weiss sie. Ich hab ihn gern gehabt
817 1207 3282 1392 und er mich. Schon öfters haben wir uns gesehen. Zum
823 1360 3276 1554 fünften oder sechsten Mal heute Morgen. Oefter noch.
817 1544 3317 1690 Jeden Morgen. Dort im Wald, wo sie ihn heut umgebracht
836 1716 3390 1875 haben. Geliebt hab ich ihn, ja. Ist denn das eine Schan¬
842 1887 3260 2043 de? Und darum habe ich nicht länger bei dir bleiben
836 2078 3333 2262 wollen. Es war alles verabredet. Drum hat er mir heut
836 2243 3174 2478 Früh das Geld gebracht. Ein paar Stunden weit von
836 2405 3333 2567 hier, da wollten wir uns treffen und miteinander fort-
855 2618 3330 2755 reisen, weit fort - nach Wien oder Paris. Er mit mir.
848 2761 3346 2926 Er hat mich geliebt, verstehst du? Und die zweihundert
858 2955 3311 3111 Kronen hat er mir gegeben, damit ich mir das Nötigste
848 3130 3362 3295 kaufen kann. Nun ja, natürlich. Schuhe vor allem, meine
861 3343 3397 3467 sind ja hin, und ein Kleid und eine Billet für die Bahn.
858 3467 3394 3641 Was willst du nun? Soll ich es dem Kommissär erzählen?
2672 3587 2869 3673 Ome
861 3667 3403 3851 Er würde mir’s nicht glauben. Niemand würd' es glauben.
861 3864 3232 4045 Sie würden alle glauben, dass ich ihn ermordet hab.
2787 3931 2946 4045 A.M.S.
877 4035 3359 4217 Einsperren würden sie mich. Versteck das Geld, ich be-
874 4201 3279 4394 schwöre dich! Sonst denken sie am Ende, du und ich -
871 4391 3336 4544 bring du mich lieber um. Ich will nicht vor Gericht.
890 4569 3419 4798 Ich will nicht ins Gefängnis, ich willnicht - Versteck
1770 4680 1935 4814 des
883 4785 1360 4925 das Geld!
893 4906 3222 5179 Hab keine Angst,Elisa! Dir wird nichts geschehen.
423 4900 686 5090 Karl:
