4008 5544
1026 508 3397 774 meister, seien Sie nicht voreilig. Die Beiden haben
997 745 3547 909 gehört, dass sie verdächtigt werden und sind rasend vor
1019 891 3452 1107 Wut. Und dass sie unschuldig sind ist ja jetzt zwei-
1012 1099 3400 1289 fellos. Wären sie sonst da? Und wenn man sie reizt,
2447 1282 3441 1403 wollen uns nur ein we-
1012 1278 2279 1487 ich stehe nicht dafür ein -
541 1461 3477 1673 Wachtmeister: Sie denken wohl, die Beiden würden sich an mir rö-
1008 1633 3455 1841 chen? Und Sie meinen, derartige Bedenken könnten mich
1008 1812 3506 2009 veranlassen - Ich mache Sie aufmerksam, Herr Wirt, dass
1008 1991 3316 2181 ich früher Wachtmeister in einem Dragonerregiment
986 2148 1216 2360 war.
530 2352 796 2549 Wirt:
983 2312 3463 2575 Herr Wachtmeister, die Beiden denken ja nicht dran da-
1001 2502 3437 2688 vonzulaufen. Sie zu arretieren wäre höchst verfehlt.
530 2648 800 2885 Karl:
993 2685 3327 2867 (mit plötzlicher Heftigkeit) Und überhaupt, warum
2601 2823 3360 2951 meiner Riege,
993 2856 3426 3053 sollen es Ärbeiter, und gerade Arbeiter ver mir sein?
533 3068 3470 3236 Wachtmeister: Es besteht der dringende Verdacht. Der Tatort ist
993 3189 3510 3419 dreihundert Meter weit von Ihrer Strecke, Herr Oberauf-
993 3382 3316 3598 seher. Ich werde mich nicht abhalten lassen meine
2418 3561 3437 3707 ohnoweiters zu entlas-
983 3572 1735 3777 Pflicht zu tun.
511 3777 778 3919 Karl:
1001 3758 3408 3948 Dann wär es Ihre Pflicht alle Arbeiter einzusperren
2327 3919 2772 4054 nden zu x
983 3912 1702 4138 und mich dazu.
522 4124 866 4328 Stimme:
983 4040 3371 4361 (von unten) He, Herr Wachtmeister! Was ist's nun ei-
972 4292 1450 4485 gentlich?
519 4416 3349 4646 Zweite Stimme: Wollen Sie uns wirklich verhaften lassen, Herr
1647 4635 3452 4832 ich, was denn? Ein junger Mensch schläft
975 4631 1625 4854 Wachtmeister?
3097 4785 3532 4916 wa irgend
2436 4810 2707 4920 Mensch
511 4807 3415 5008 Erste Stimme: Weil wir um eine halbe Stunde später von der Ar-
2100 4989 3349 5165 am kein Hahn kräht, nein, ein
1172 4982 1538 5161 Landstr
