4008 5560
3290 385 3453 545 14
987 510 3494 745 mich vergessen. Und das, liebe Marie, das ist es, um was
997 745 3510 930 ich Sie bitten möchte: Dass Sie sich seiner annehmen,
1019 917 3497 1127 wenn ich nicht mehr da bin. Sie könnten ihm viel Leid
1013 1108 1761 1299 damit ersparen.
2255 1099 3128 1284 nach der Geburt ges
3242 1102 3456 1290 Den.
1003 1239 3516 1484 Ich versteh ja immer weniger - Was heisst denn das al-
535 1223 841 1421 Marie:
1003 1443 2784 1653 les? Ach, lassen Sie mich doch gehen.
3223 1446 3389 1583 G.H.
978 1561 3523 1793 (Wenn es Ihnen beliebt. Aber Sie haben doch selbst kei-
532 1592 838 1780 Elisa:
1003 1787 3504 1940 ne Lust dazu. Und ich bin ja gleich zu Ende Nur noch
1016 1984 3421 2163 ein paar Worte. Dass ich die Absicht habe mir meine
984 2131 3402 2312 Existenz anders einzurichten, als mir bisher be-
997 2341 3195 2497 schieden war, das ist Ihnen doch klar geworden?
1070 2503 2376 2707 Sie sind nicht seine Frau?
532 2491 831 2634 Marie:
997 2688 3504 2860 Nein. Aber auch wenn ich seine Frau wäre, ging ich auf
532 2691 834 2841 Elisa:
1003 2873 3561 3042 und davon. Nur für Sie wird die Sache dadurch beträcht-
984 3051 3433 3214 lich einfacher, dass wir nicht verheiratet sind. Ich
991 3220 3379 3370 habe die Duimheit begangen vor vier Jahren mit ihm
984 3398 3411 3618 durchzugehen; aus dem Haus meiner Mutter, wo ich's
991 3561 3484 3739 auch nicht sonderlich gut gehabt habe. Mein Vater ist
991 3736 3351 3946 nämlich als Major in Rovereto gestorben, schon vor
984 3946 3516 4105 zwölf oder fünfzehn Jahren, und seither hat's für meinen
991 4090 3427 4287 Mutter,die da unten zuhause war, überhaupt nichts an-
987 4287 3398 4434 deres gegeben als Kirchgang und Gebet. Ein lustiges
978 4424 3405 4650 Leben war es wahrhaftig auch damals nicht. Es hätte
991 4641 3519 4778 vielleicht nicht einmal der Karl kommen müssen, Er hat
975 4809 3433 5035 bei uns im Haus gewohnt. Und wie das schon so geht -
978 4940 3497 5204 na, Sie haben ja auch eine Ahnung, wenn man sich so Tag
