4040 5592
1016 226 1187 463 1
3280 294 3484 505 35
1145 398 1320 527 P. D.
1058 469 3613 689 Du sollst alles hören, Elisa. Alles. Wir wollen wahrhaf-
592 543 857 751 Karl:
1061 699 3558 890 tig kein Geheimnis mehr vor einander haben. Die Sache
1058 870 3552 1055 war nämlich so. Sein Rock ist neben ihm gelegen. Ver-
1071 996 3594 1233 stehst du? Und da hat die Brieftasche hervorgeschaut..
1071 1200 3610 1391 Das war das Unglück. Ja, die Brieftasche. So eine brau-
1061 1378 3643 1569 ne, du kennst sie ja. Mit Silbereckchen. Da hab ich mir
1064 1575 3620 1782 gedacht, so bequem wirst du's wohl in deinem Leben nim-
1058 1724 3536 1931 mer haben. Und dass vor mir schon wer anderer da war
1071 1944 3546 2129 und es noch bequemer gehabt hat, das hab ich nicht ge-
1074 2119 3474 2297 wusst. Und ich bleibe noch eine Weile stehen und er
1071 2290 3445 2484 schläft weiter, atmet tief und ruhig und träumt..
1074 2455 3565 2633 wahrscheinlich süss. Und endlich beug ich mich nieder
1074 2594 3500 2811 und leise, ganz leise taste ich mich hin und hab sie
1071 2847 3594 2999 schon in den Fingern, die braune Tasche mit den Silber
1071 2976 3630 3154 eckchen, da, mit einem Mal rührt er sich. Ich will schon
1074 3138 3491 3316 davon, da reisst er weit die Augen auf, und im selben
1074 3326 3558 3507 Augenblick mit der Hand in den Sack nach dem Revolver
1071 3504 3449 3707 und springt auf und ohne ein Wort zu sagen legt er
1071 3691 3565 3901 auf mich an. Da stürz ich mich auf ihn, er drückt los,
1071 3859 3529 4079 der Schuss versagt, ich pack ihn beim Arm, mit der an-
1061 4063 3510 4222 dern Hand beim Hals und er fällt nieder, ich auf ihn
1064 4215 3662 4422 und er stösst mit den Knieen und wehrt sich und pfaucht
1055 4390 3523 4594 und ich hab's gewusst, wenn er sich los macht, so ist
1045 4597 3607 4768 es aus mit mir und wenn ich ihn frei lasse, ist es aus,
1051 4720 3633 4959 und da halte ich ihn fest und halte so lange,und halte
1064 4937 3568 5163 und presse so lange - - bis ihm der Revolver aus der
