4024 5576
3329 281 3488 469 16
989 575 3426 824 mich gern gehabt hat. Und später einmal wird er den
1038 834 3459 1038 Tag segnen, an dem ich aus seinem Leben verschwunden
1025 986 3462 1199 bin. Gott, das fühlen Sie ja selbst. Es handelt sich
1034 1157 3543 1377 nur darum ihm über die ersten schlimmen Tage wegzuhel
1038 1367 3465 1561 fen. Und das, um was ich Sie vor allem bitten möchte,
1031 1523 3381 1700 das ist, dabei oder wenigstens in der Nähe zu sein,
1057 1713 2557 1920 wenn - er meinen Brief empfängt.
2702 1746 3174 1907 Da könnte
1044 1897 3013 2098 Ihren Brief? Was - was haben Sie denn vor?
562 1862 870 2059 Marie:
1031 2056 3533 2263 Das will ich Ihnen ganz genau sagen. Uebermorgen Früh
556 2059 870 2282 Elisa:
1038 2266 3514 2444 mit dem Zug um sechs Uhr zwanzig, wenn Karl gerade zur
1025 2395 3536 2576 Arbeit gegangen ist, reise ich ab. Finden wird er mich
1031 2563 3536 2790 nicht; ich werde gut aufgehoben sein. Für dumm dürfen
1025 2773 3520 2977 Sie mich nämlich nicht halten. Es ist alles aufs Bes-
1031 2945 1746 3113 te vorbereitet.
2389 2993 3226 3145 gehört? Es ist het
556 3100 863 3271 Marie:
1025 3110 3624 3333 Nein, Sie dürfen nicht, es ist unmöglich. Denken Sie doch
1009 3291 1283 3514 nur —
1021 3468 3430 3643 Er wird sich nicht umbringen. Sie sind da, Marie.
556 3452 860 3666 Elisa:
1021 3640 3388 3837 Sie werden ihn trösten. Er wird es Ihnen danken, er
1025 3837 3514 4015 wird Sie lieb haben und Sie werden seine Frau werde.
1015 3976 3359 4228 Er wird glücklich sein,Sie werden glücksich sein
3249 4092 3439 4205 Hof.
1021 4212 3533 4390 und ich und Andere auch, gar manche; denn ich, ich kann
1009 4374 3388 4561 glücklich machen, das fühl ich, dazu bin ich auf die
1015 4542 3536 4765 Welt gekommen. Und darum taug ich nicht zur Geliebten
1009 4729 3520 4959 oder selbst zur Gattin eines Oberaufsehers oder eines
1009 4897 2140 5136 Ingenieurs - und darum -
