4088 5672
909 461 3562 810 warum - weisst du denn—? Ich hab ja nicht geshnt. Ich
1060 724 3572 955 hab mir geda oht, Karl, die ganze letzte Zeit hab ich ge-
1073 876 2927 1113 dacht, du hältst es mit der Marie, stube.
2641 1040 3391 1245 wir den schwarzen
1077 1110 1656 1314 (lacht auf)
609 1119 889 1307 Karl:
1080 1189 3536 1416 Ich schwör's dir. Ich habe mir eingebildet, du willst
609 1320 915 1531 Elisa:
1093 1373 3612 1653 von mir nichts mehr wissen. Du warst ja - Ich hab ja
1083 1597 3572 1798 nicht geehnt, dass du mich noch liebst..  so liebt -
1103 1738 3618 1962 bis zum Verbrechen. Dass du meinetwegen - Wenn ich das
1083 1929 3609 2190 geahnt hätte, Karl, wenn - - Aber es kann ja noch alles,
1110 2117 3609 2321 es wird alles gut werden. Keiner weiss es, Karl, keiner
1116 2301 2697 2525 denkt an dich. Versteck das Geld!
1103 2423 3661 2670 Und jetzt käm es grade recht für eine kleine Hochzeits-
645 2542 912 2703 Karl:
1103 2650 3098 2855 reise. Nähmst sogar mit mir vorlieb - wie?
1103 2881 1715 3069 Karl!
639 2861 955 3072 Elisa:
1113 2983 3595 3230 Es wirdnicht gehen, Elisa. Ich dürfte verhindert sein.
655 3072 915 3240 Karl:
1129 3171 3559 3358 Und auch der Andere ist leider tot. Ein so hübscher
1129 3345 3553 3592 junger Mensch. Und splendid... Aber was liegt daran.
1116 3539 3582 3717 Es gibt Andere, hundert, tausend hübsche, reiche junge
3246 3694 3526 3869 G.H.F.P.
1231 3704 3052 3981 mute, kann dir doch egal sein,du - du -!
1162 3941 1755 4155 Es klopft)
1142 4066 3589 4284 Versteck's! Wir sprechen dann weiter. In den Schuh.
668 4122 994 4313 Elisa:
1142 4251 3625 4475 Du kan nst es dir dann noch immer überlegen. Aber -
2706 4376 3365 4646 Weile wenigste
1159 4409 2404 4619 (draussen) Herr Deugler!
672 4465 1073 4669 Marie:
1142 4603 3434 4814 Nur einen Augenblick, Fräulein Marie. der mehlerei
672 4662 1001 4847 Karl:
1156 4758 3767 4982 Karl, Karl, alles wird wieder gut. Ich, ich liebe dich ja.
675 4847 994 5038 Elisa:
1159 4965 3678 5209 (als hörte er es nicht) Es dauert nicht mehr lang,
682 5031 965 5192 Karl:
