4072 5624
2121 370 2319 594 1/11
3257 292 3442 598 1/5
987 604 3394 809 für Tag sieht - Oh, nehmen Sie mir's nicht übel, ich
1007 714 3546 1016 weiss schon, bei Ihnen ist das anders. Wenn ich so wäre
997 955 3501 1189 wie Sie - ach ja.- - Wir haben übrigens auch ein Kind
990 1140 3462 1341 gehabt. Das ist drei Tage nach der Geburt gestorben.
1010 1315 3374 1487 In einem mährischen Dorf ist das passiert. Ich wär
1003 1484 3416 1682 auch beinah draufgegangen. Ja, man macht viel durch.
1013 1637 3377 1864 Aber nun, hab ich’s satt. Alles. Ich will auch kein
1016 1783 3423 2072 Kind mehr haben. Nie. Dazu taug ich nicht. Und will
1023 2007 3494 2225 nicht so hundemässig weiter existieren und zu alldem
1036 2166 3491 2390 in der ewigen Angst leben, dass mich Karl einmal aus
1033 2358 3527 2566 Eifersucht umbringt. Denn auch so was könnte mir blü-
1026 2530 3634 2770 hen.Sehr leicht sogar. Ja, meine kleine Marie. Denn auch
1039 2728 3588 2913 von der Treue hab ich genug. Oh, schon lange. Aber auch
1033 2903 3452 3118 in dieser Hinsicht habe ich bisher nicht viel Glück
1033 3049 3601 3254 gehabt. Na, all das soll jetzt anders werden. Gründlich
1049 3238 3452 3472 anders. Was, Sie sehen mich an, Marie? Ja, so bin ich.
1029 3426 3504 3647 Nun, begreifen Sie, dass Sie ein gutes Werk an ihm tä-
1042 3631 2653 3826 ten, wenn Sie sich seiner annähmen?
1033 3767 3575 4011 (ausbrechend) Sie werden ihn nicht verlassen. Sie dür-
578 3796 883 3955 Marie:
1046 3959 2984 4189 fen ihn nicht verlassen. Es wär sein Tod!
3170 4017 3413 4134 sein -
1042 4111 3459 4335 Oh, daran stirbt man nicht. Und besonders, wenn Sie -
578 4173 887 4332 Elisa:
1039 4313 3413 4527 Sie glauben doch nicht, ich könnte mich zu so etwas
578 4368 877 4566 Marie:
1046 4482 3416 4761 hergeben? Selbst wenn er mir - selbst, wenn ich ihn
1049 4693 1396 4891 liebte.
2328 4719 3390 4891 es Oberaufschers oder a
1049 4865 3459 5040 Er wird Sie geradeso gern haben mit der Zeit, wie er
568 4868 890 5050 Elisa:
