3560 5656
522 423 3015 726 Du sollst alles hören, Elisa, Alles. Wir wollen wahrhaf-
102 592 306 796 Karl:
535 716 3005 895 tig kein Geheimnis mehr vor einander haben. Die Sache
519 879 3021 1108 war nämlich so. Sein Rock ist neben ihm gelegen. Ver-
535 961 3066 1238 stehst du? Und da hat die Brieftasche hervorgeschaut..
544 1203 3066 1430 Das war das Unglück. Ja, die Brieftasche. So eine brau-
551 1379 3072 1595 ne, du kennst sie ja. Mit Silbereckchen. Da hab ich mir
541 1550 3069 1818 gedacht, so bequem wirst du's wohl in deinem Leben nim-
554 1706 3002 1993 mer haben. Und dass vor mir schon wer anderer da war
560 1923 3044 2127 und es noch bequemer gehabt hat, das hab ich nicht ge-
573 2111 2970 2299 wusst. Und ich bleibe noch eine Weile stehen und er
579 2254 2926 2490 schläft weiter, atmet tief und ruhig und träumt...
583 2388 3072 2655 wahrscheinlich süss. Und endlich beug ich mich nieder
589 2601 2993 2869 und leise, ganz leise taste ich mich hin und hab sie
599 2821 3098 3018 schon in den Fingern, die braune Tasche mit den Silber¬
595 2993 3152 3196 eckchen, da, mit einem Mal rührt er sich. Ich will schon
611 3165 3015 3346 davon, da reisst er weit die Augen auf, und im selben
608 3314 3095 3572 Augenblick mit der Hand in den Sack nach dem Revolver
627 3483 2993 3738 und springt auf und ohne ein Wort zu sagen legt er
621 3655 3098 3900 auf mich an. Da stürz ich mich auf ihn, er drückt los,
643 3875 3076 4110 der Schuss versagt, ich pack ihn beim Arm, mit der an-
649 4066 3050 4292 dern Hand beim Hals und er fällt nieder, ich auf ihn
656 4241 3219 4464 und er stösst mit den Knieen und wehrt sich und pfaucht
649 4416 3079 4636 und ich hab's gewusst,wenn er sich los macht, so ist
643 4556 3184 4795 es aus mit mir und wenn ich ihn frei lasse, ist es aus,
672 4718 3212 4970 und da halte ich ihn fest und halte so lange,und halte
662 4928 3130 5202 und presse so lange - - bis ihm der Revolver aus der
