4040 5624
1007 585 3430 840 ben. Und sie werden kommen. Verliere nur die Geduld
1024 827 3371 1050 nicht. Du weisst, wenn's nach mir ginge, würdest du
1037 994 2547 1200 längst ein anderes Leben führen.
1037 1164 1929 1367 Kenn ich, kann ich.
566 1190 889 1390 Elisa:
1043 1351 3407 1553 Ich habe keine andern Worte. Es gibt keins andern.
562 1377 840 1570 Karl:
1043 1504 3528 1707 Du musst mir nur glauben. Ich w 1 1 1, dass du glück-
1050 1700 3590 1893 lich wirst. Und da ich es will - Wir sind ja noch jung
1033 1887 3479 2076 Elisa, wir haben noch viel Zeit vor uns. Und ich, ich
1050 2073 1740 2269 kann arbeiten.
2387 2070 2704 2233 G.C.F.D.
1059 2201 3404 2430 Freilich kannst du arbeiten. Aber was hilft’s uns?
595 2269 896 2433 Elisa:
1063 2394 3420 2587 Die Andern bei der Bahn, die arbeitern auch, rackern
1073 2583 3519 2780 sich vielleicht noch mehr und verdienen noch wenigen.
1053 2763 3414 2972 Es ist schon so auf der Welt - jämmerlich! Und das
1069 2910 3466 3133 Dummste ist, dass du für Zwei zu sorgen hast,dass du
1069 3120 3532 3342 dich mit so einem Frauenzimmer herumschleppst...wie-
1069 3326 1403 3522 Elisa!
602 3290 870 3502 Karl:
1069 3466 3074 3672 Mit so einer, die dir's nicht einmal dankt.
602 3492 916 3685 Elisa:
1066 3597 3538 3888 Wie kannst du mir danken? Ich hab dir doch nichts zu
602 3695 870 3875 Karl:
1082 3852 3440 4029 bieten. Wofür sollst du mir danken, Elisa, die du so
1076 3989 3456 4218 schön bist wie eine Prinzessin und existieren muss
1079 4208 3502 4392 wie eine Arbeitersfrau, die in Sammt und Seide gehen
1086 4379 3528 4565 sollte und die sich mit dem abgetragenen Kleid behel-
1092 4532 3443 4764 fen muss, du, die Perlen und Diamanten -
1095 4738 3469 4912 So hör doch auf! Du hast wieder einmal deinen Tag.
625 4764 935 4934 Elisa:
1063 4879 3689 5124 Perlen und Diamanten regnet's nicht und auf der Strec k
