4024 5544
3284 288 3485 534 32
2977 451 3140 601 ...
1052 390 2488 598 davon, wollen. Ich hab xxx gern
1033 476 3559 713 Rühr dich nicht! Ruhr dich-nicht! Ein Wort und du bist
579 547 851 710 Karl:
1052 668 3002 777 nun einmal so. Frage die Marie. Grad hab i
1052 758 3546 883 des Todes! Ich schwör es dir! (Er sperrt die Türe ab.
1644 854 3511 991 dem Geld weiss sie nichts. Aber, dass ich
1058 847 1570 956 erzählt. Vo
1039 924 2446 1129 dann schliesst er das Fenster)
1033 1042 1359 1135 nab fois
1691 969 3552 1151 en, das weiss sie. Ich hab ihn gern gehabt
1058 1106 3485 1285 (eine Weile starr, will zum Fenster hin,er ergreift
579 1094 886 1266 Elisa:
2772 1202 3472 1311 xxx gesehen. Zum
1033 1289 3492 1484 sie bei beiden Händen, schleppt sie nach vorn, drückt
3226 1381 3472 1548 noch.
1189 1394 1378 1493 G.C.H.F.P
1026 1455 2248 1653 sie auf den Divan nieder)
3220 1522 3479 1647 M.M. M. de
1039 1637 3520 1759 Ich könnte dich auch anbinden. Ich konnte dir auch ir-
563 1602 831 1778 Karl:
3018 1714 3444 1845 G. A. Deinz
1039 1807 3434 1960 gendwas in den Mund stopfen. Aber ich hoffe, es wird
1030 1973 3444 2114 nicht nötig sein. Ein Wort und du bist - (er blickt
3322 2088 3479 2184 G.C.H.F.P
1036 2152 3610 2353 sich im Zimmer um, dann geht er zur Kommede, wühlt zuer st
1033 2328 1966 2529 in der oberen Lade)
1052 2526 2734 2638 In aller Heiligen Namen, was tust du?
566 2510 879 2644 Elisa:
1026 2699 3501 2814 Keinen Laut, wenn dir dein Leben lieb ist. (er öffnet
566 2670 841 2859 Karl:
2814 2779 3361 2897 die zweihund
1039 2865 3409 3050 die untere Lade, wählt darin, findet das Gebetbuch)
2939 2974 3095 3070 tas e
3185 2942 3456 3063 tigste
1046 3050 3450 3245 (hat sich unwillkürlich erhoben, steht regungslos)
563 3002 867 3198 Elisa:
1039 3220 3540 3412 (durchblättert das Gebetbuch, schüttelt es, zwei Bank-
572 3236 835 3361 Karl:
3156 3322 3520 3428 die Bahn
1030 3399 3373 3594 noten fallen heraus. Er nimmt die Banknoten in die
518 3367 822 3696 1.
1033 3568 2804 3783 Hand hält sie wortlos Elisa entgegen)
3175 3652 3341 3783 glat
2315 3680 2619 3776 . Wiese
1026 3767 3415 3879 Ich hab ihn nicht ermordet. Bei allen Heiligen, ich
563 3767 905 3943 Elisa:
1039 3946 3600 4051 hab ihn nicht - Um Gottes Willen versteck das Geld! Wenn
1026 4115 3485 4227 man das bei uns fände,- Ich will dir ja alles erklä-
1039 4202 3300 4397 ren. Ich hab es von ihm, ja. Er hat es mir geschenkt.
3146 4361 3441 4499 ericht.
1020 4486 3345 4585 Heute Früh. Er hat es mir geschenkt. Aber wenn du
3201 4547 3520 4672 Werste
1020 4563 3399 4828 glaubst - nein, noin, nein! Geschenkt! Er hat es mir
1020 4812 3472 4940 gegeben, damit ich fort kann. Mit ihm hab ich auf und
2756 4918 2990 5106 G.P.
