3800 5640
3107 306 3267 555 31
852 437 1206 584 )   ƒ
820 657 3235 801 Ich schwöre dir. Frag sie doch, ob ich nicht vor dem
357 612 660 852 Elisa:
817 715 3289 1011 Mittagessen mit ihr auf der Landstrasse spazieren ge-
829 979 2080 1190 gangen bin. Frag sie doch!
833 1123 3298 1397 Und vorher? Am Morgen? Wann bist du aufgestanden? Was
370 1174 625 1381 Karl:
826 1314 1904 1531 hast du nachher getan?
849 1483 3318 1684 Was soll ich denn? Angekleidet hab ich mich. Dann hab
360 1592 673 1745 Elisa:
839 1665 3353 1901 ich genäht, das Kleid da hab ich ausgebessert, den Saum
839 1834 3206 2067 da, siehst du. Eine Weile war ich auch unten in der
855 1981 3420 2233 Wirtsstube, habe Zeitungen gelesen. Dann bin ich spazte-
861 2153 3276 2386 ren gegangen mit Marie - frag sie doch. Zuerst eine
858 2367 3321 2578 Weile allein hin und her und dann mit ihr, bin ihr be-
858 2546 3145 2778 gegnet hundert Schritt weit vom Ort. Was kümmert
868 2696 3177 2964 dich all das? Was willst du denn? Lass mich! Lass
884 2881 3327 3110 meine Hände! Und was rollst du die Augen? Du bist ja
890 3126 1145 3327 toll!
896 3276 1879 3506 Du hast ihn gekannt!
408 3305 679 3506 Karl:
887 3429 3381 3656 Den sie umgebracht haben? Ich weiss nicht, Vielleicht
418 3550 718 3729 Elisa:
890 3640 3407 3828 hab ich ihn einmal gesehen. Wie kann ich das denn wis-
903 3764 3330 4007 sen? Wie lange hat er sich denn in der Gegend aufge-
909 4032 3247 4185 halten? Weis st du's? Manche, die oben auf dem Berg
906 4211 3283 4367 wohnen, kommen ein oder das andere Mal herunter ins
922 4287 3311 4536 Dorf. Vielleicht hab ich ihn gesehen, schon möglich.
922 4463 3340 4708 Wenn ich ihn wiedersehe, würde ich Ihn vielleicht er-
925 4715 3369 4887 kanen, vielleicht auch nicht. Was weiss ich? Du bist
1777 4846 2246 5078 fort kann.
925 4881 1356 5120 ja toll!
