4072 5608
3353 306 3603 559 11
642 589 948 793 Wirt:
1125 546 1681 793 (tritt sin)
655 796 954 980 Marie:
1115 790 3672 974 Buchst du mich, Vater? Ich gehe gleich mit dir hinunter.
651 961 964 1171 Elisa:
1132 941 3570 1155 guten Abend, Herr Prandtner. Marie erzählt mir soeben,
1122 1102 3208 1319 Sie wären so gütig sich für Karl zu bemühen -
638 1303 915 1480 Wirt:
1102 1309 3428 1504 (zu Marie) Warum hast du denn - So ein Mädel kann
1109 1480 3547 1655 nicht den Mund halten. (zu Elisa) Es ist leider noch
1099 1652 3428 1816 lange nicht sicher. Nicht deswegen - (sehr eilig)
1115 1836 3517 2073 Denkt Euch, was geschehen ist. Heut Nachmittag haben
1102 2046 3649 2191 sie Einen ermordet, im Wald gefunden, einen Gast aus dem
1099 2217 1615 2372 Berghotel.
632 2372 934 2530 Elisa:
1109 2372 1971 2576 Aus dem Berghotel?
645 2573 885 2754 Wirt:
1092 2530 3632 2731 Ja. Kaum eine halbe Stunde weit vom Hotel, ermordet und
1092 2744 1652 2928 beraubt....
615 2908 934 3076 Elisa:
1092 2872 1872 3099 Wer ist es denn?
615 3066 898 3264 Wirt:
1086 3024 3599 3234 Ein Hofrat oder Professor aus Wien soll es sein, so er-
1086 3257 3524 3435 zählen die Touristen, die eben vom Hotel herunterkom-
1066 3412 3481 3635 men. Die Kinder vom Hotelkoch haben die Leiche ent-
1089 3612 1408 3797 deckt.
599 3797 921 3961 Elisa:
1086 3780 3484 4001 Und wann ist der Mord geschehen? Schon vor ein paar
1079 3981 1625 4155 Tagen? Wie?
592 4129 878 4376 Wirt:
1066 4132 3448 4356 Nein... Es soll erst vor ein paar Stunden passiert
1073 4353 3635 4488 sein. Man hat die Leiche ins Hôtel transportiert. Uebri-
1073 4474 3718 4692 gens wissen die Touristen unten nichts Näheres. Sie haben
1066 4649 2783 4843 dixxLukshaxinnxxkatslxtraapartiaxxxx
1073 4833 2254 5034 die Leiche nicht gesehen.
