4008 5592
1039 480 2309 761 geht ja die Saison zu Ende.
2523 528 3409 735 wer weiss, wir wohn-
1039 723 3098 905 Wollen Sie sich nicht setzen, Fräulein Marie?
563 694 870 911 Elisa:
3166 742 3520 898 erklieben
1023 886 3559 1110 Ich danke. Ich komme nur herauf Ihnen das illustriert
556 911 857 1074 Marie:
1026 1084 1855 1298 Blatt zu bringen.
1026 1244 3536 1442 Richtig!- Dass Sie daran denken, das ist sehr nett von
544 1250 870 1404 Elisa:
1033 1416 1330 1618 Ihnen.
2117 1442 2289 1631 G.H.F.P
1052 1554 3508 1784 Sie lesen es ja gern, eh es im Gastzimmer von den vie-
560 1605 863 1775 Marie:
1030 1707 3546 1982 len Händen abgegriffen ist. Und vor acht wird da drun-
1039 1973 2516 2146 ten doch nicht darnach gefragt.
2398 1973 3130 2187 das Blatt der Seitung
1033 2130 3469 2309 Danke, danke. Aber Sie könnten sie auch gleich wieder
556 2133 876 2289 Elisa:
1020 2273 3469 2481 mitnehmen. Ich bin so gar nicht aufgelegt mir Bilder
1039 2462 3517 2680 anzusehen. Und mein Mann, wer weiss, wann der nach Hau¬
1033 2683 3527 2862 se kommt. Gestern war's schon ganz dunkel, als er kam.
1148 2766 1391 2884 reilig
1046 2823 3568 3009 Natürlieh. Die Bahn auf den Berg hinauf soll ja im Sep-
547 2855 867 3050 Marie:
1046 3009 3575 3210 tember unbedingt fertig werden. Auch die Arbeiter sind
1033 3175 3297 3396 in den letzten Tagen immer so spät heimgekommen.
1039 3367 3540 3536 Warum sagen Sie: „auch" die Arbeiter? Karl ist doch am
550 3396 876 3562 Elisa:
1033 3565 3527 3731 Ende auch nichts anderes als ein Arbeiter. (sie sitzt
1030 3696 3444 3933 auf einem Sessel und blättert mechanisch in der Zei-
1026 3914 1314 4096 tungl
1020 4090 3293 4301 Er ist doch Ingenieur, denk ich. (sie steht noch)
556 4093 857 4237 Marie:
1017 4246 3552 4451 Er hat darauf studiert. Aber er hat seine letzten Prü-
563 4291 863 4483 Elisa:
1017 4416 3533 4649 fungen nicht gemacht. Er musste ja früher eine Stelle
1039 4640 3501 4803 annehmen. Man nennt ihn wohl: Herr Ingenieur, aber in
1020 4774 3588 5001 Wahrheit ist er ja doch nur Oberaufseher. Wenn er sein
1017 4969 3498 5180 Diplom hätte, ging es uns besser. Wir hätten auch ein
