4040 5576
3317 261 3488 534 24
741 353 1034 607 11
1008 553 3504 731 mich vergessen. Und das, liebe Marie, das ist es, um was
1014 744 3527 948 ich Sie bitten möchte: Dass Sie sich seiner annehmen,
1018 913 3508 1158 wenn ich nicht mehr da bin. Sie könnten ihm viel Leid
1027 1107 1755 1301 damit ersparen.
1024 1256 3539 1453 Ich versteh ja immer weniger - Was heisst denn das al-
556 1256 862 1425 Marie:
1018 1463 2744 1650 les? Ach, lassen Sie mich doch gehen.
1034 1587 3546 1835 Wenn es Ihnen beliebt. Aber Sie haben doch selbst kei-
563 1635 868 1784 Elisa:
1027 1784 3523 1972 ne Lust dazu. Und ich bin ja gleich zu Ende. Nur noch
1037 1968 3431 2118 ein paar Worte. Dass ich die Absicht habe mir meine
1034 2153 3425 2318 Existenz anders einzurichten, als mir xxx bisher be-
1034 2325 3193 2522 schieden war, das ist Ihnen doch klar geworden?
1056 2512 2360 2693 Sie sind nicht seine Frau?
579 2503 868 2687 Marie:
1040 2690 3508 2865 Nein. Aber auch wenn ich seine Frau wäre, ging ich auf
566 2703 865 2872 Elisa:
1040 2795 3590 3034 und davon. Nur für Sie wird die Sache dadurch beträcht-
1021 3034 3450 3212 lich einfacher, dass wir nicht verheiratet sind. Ich
1030 3205 3393 3403 habe die Dummheit begangen vor vier Jahren mit ihm
1040 3406 3384 3574 durchzugehen; aus dem Haus meiner Mutter, wo ich's
1040 3581 3523 3730 auch nicht sonderlich gut gehabt habe. Mein Vater ist
1027 3752 3345 3956 nämlich als Major in Rovereto gestorben, schon vor
1027 3943 3555 4083 zwölf oder fünfzehn Jahren, und seither hat’s für meine
1040 4051 3466 4245 Mutter, die da unten zuhause war, überhaupt nichts an-
1040 4239 3431 4439 deres gegeben als Kirchgang und Gebet. Ein lustiges
1024 4423 3441 4630 Leben war es wahrhaftig auch damals nicht. Es hätte
1027 4659 3555 4770 vielleicht nicht einmal der Karl kommen müssen, Er hat
1040 4821 3460 5034 bei uns im Haus gewohnt. Und wie das schon so geht-
1021 4958 3533 5202 na, Sie haben ja auch eine Ahnung, wenn man sich so Tag
