4040 5528
1947 364 2140 579 :
1020 630 3394 820 finden sich auch keine. Also, wozu das Gerede. Komm,
1013 864 2571 985 gehen wir (höhnisch)..zum Diner.
551 1020 978 1146 Der Wirt:
1013 1045 3306 1222 (tritt ein) Wissen Sie schon, Zwei sind verhaftet.
526 1187 798 1317 Karl:
1010 1191 2751 1409 Verhaftet? Zwei -? Man hat sie schon?
551 1377 801 1498 Wirt:
997 1387 3166 1498 Zwei von Ihren Arbeitern sind es, Herr Bengler.
538 1567 792 1675 Karl:
1013 1526 2660 1681 Von meinen - Ist’s möglich? Welche?
535 1735 788 1846 Wirt:
997 1735 3375 1859 Das weiss ich nicht. Der Portier vom Berghotel hat
3100 1830 3325 1941 G.C.F.F:F.
1010 1916 3340 2096 es mir telephoniert. Es war nicht deswegen, dass er
1004 2074 3328 2220 telephonierte; es war wegen der sechs Fässer Wein,
985 2264 3435 2375 die morgen hinaufkommen sollen. Aber ich habe ihn na-
1004 2444 2698 2593 türlich gefragt bei der Gelegenheit.
997 2615 2128 2739 Und er weiss nicht wer -
516 2580 773 2732 Karl:
519 2789 785 2945 Wirt:
997 2789 3435 2926 Nein, das weiss er nicht. Es heisst eben nur, dass sie
972 2989 3518 3141 die Zwei schon haben. Uebrigens ist es nicht ein alter
991 3160 3258 3271 Mann, den sie umgebracht haben, sondern ein junger
985 3318 3334 3445 Mensch, der mit seiner Mutter oben im Hotel gewohnt
978 3515 1197 3622 hat.
497 3667 811 3796 Elisa:
985 3692 2603 3891 (unwillkürlich) Ein junger Mensch?
503 3869 804 3986 Wirt:/
969 3863 2808 3986 Ja. Eine Professorswitweist die Mutter.
497 4043 820 4186 Elisa:
972 4050 3439 4236 (sieht sich von Karl beobachtet, versucht sich zu faa-
963 4246 3483 4404 sen) Ein junger Mensch? Und lässt sich einfach umbrin-
3144 4316 3334 4496 aoht
969 4395 1184 4518 gen?
2742 4477 3236 4604 von meinen
969 4572 3318 4699 Er wird sich wohl gewehrt haben. Uebrigens waren's
494 4556 769 4705 Wirt:
1374 4670 1738 4778 verhaft
950 4746 2378 4854 Zwei, die über ihn her sind...
1295 4838 2372 4955 haftet? Leider nicht. D
2422 4696 2656 4958 Zee
963 4939 3366 5104 Von meinen Arbeitern - ich ich glaub's nicht. Der
488 4917 754 5082 Karl:
