4072 5640
996 324 1501 526 11 1 4 11
3258 341 3464 551 24
1021 548 3407 829 Herr Oberaufseher. Dreihundert Meter weit davon, in
565 654 918 910 Karl:
1035 789 3425 989 einer Waldeslichtung. Und ich komme Sie fragen, Herr
1038 967 3393 1152 ob Ihnen nicht vielleicht aufgefallen ist, dass die
1021 1120 3510 1341 zwei Genannten oder andere sich im Laufe der Arbeits-
2365 1216 2553 1319 G.H.F.P.
1017 1287 3151 1511 zeit auf eine längere Weile entfernt hätten.
1024 1444 3485 1703 Nicht dass ich wüsste. Natürlich hat man nicht immer
558 1494 829 1732 Karl:
1035 1668 3464 1842 alle im Auge... aber ich glaube nicht. Raso und Bar¬
1028 1835 3009 2095 doni, es sind so fleissige, brave Arbeiter -
555 2002 1604 2226 Wachtmeister: Oh, das
1021 2169 3371 2404 Ich halte es für ausgeschlossen. Sie werden sehen,
555 2191 821 2432 Karl:
1017 2354 2977 2550 in ein paar Minuten sind die Burschen da.
573 2525 3425 2767 Wachtmeister: Wir wollen hoffen. Obwohl auch eine solche Ver-
1028 2703 3499 2941 spätung unter den obwaltenden Umständen - (auf eine
1024 2884 3567 3126 Idee kommend) Uebrigens, Sie haben ja auch eine Mittags
1042 3101 1334 3218 pause.
1038 3261 3389 3400 Ja. Selbstverständlich. So viel ich mich erinnere,
551 3240 829 3418 Karl:
1028 3407 3485 3652 blieben alle zusammen, wie gewöhnlich. Keineswegs hat
1046 3588 3574 3809 sich einer weiter als zwanzig Schritte von der Strecke
1038 3741 3499 3976 entfernt. Und Sie können sich ja denken, wie sich das
1035 3955 3471 4157 mit der Mittagspause verhält, Herr Wachtmeister. Man
1035 4100 3510 4356 schneidet sich ein Stück Wurst ab und isst ein stück
1024 4324 3588 4527 Brot dazu. Ich tue es auch nicht anders. Dann legt man
1046 4488 3546 4705 sich für ein paar Minuten ins Gras hin, und dann fängt
1042 4705 3407 4876 die Arbeit wieder an. Das ist unsere Mittagspause.
569 4840 3254 5110 Wachtmeister: Man legt sich ins Gras hin und schläft ein.
