4040 5592
3283 287 3461 510 36
1461 325 1665 510 P.S.
1034 494 3397 740 Hand fällt. Aber da war's schon zu spät. Da war es
1046 705 1946 928 schon aus mit ihm.
1053 861 3439 1046 Es ist ja alles nicht wahr. Du willst mir nur Angst
587 858 890 1072 Elisa:
1043 1030 3605 1254 machen. Du hast jemanden umgebracht, du? Weder ihn noch
1069 1187 3614 1413 einen Andern. Jetzt kannst du mir's ja sagen, Du weisst
1056 1426 3563 1636 ja doch alles, was du wissen willst. Und tot ist er ja
1056 1576 2546 1770 auch. Es kann dirja genug sein.
2928 1563 3139 1764 G.H.F.P.
1062 1732 3550 1965 Ich habe ihn umgebracht. Und es hat sich nicht einmal
597 1761 852 1955 Karl:
1050 1911 3464 2118 gelohnt. Nichts mehr war in der Brieftasche, nichts.
1072 2089 2013 2316 Du hast nachgesehen?
600 2083 896 2271 Elisa:
1062 2278 3423 2469 Denk dir, auch das habe ich noch getan. Es war wohl
590 2290 858 2469 Karl:
1062 2437 3515 2660 nicht das Schlimmste. Aber nichts mehr,nichts. Alles
1053 2629 3525 2849 hat er seinem Schatz gegeben. Nur ein paar Visiteka
1075 2823 2587 2973 ten. Nun, den Namen kennst du ja.
1056 2999 1825 3184 Schweig, schweig.
597 3002 903 3184 Elisa:
1059 3149 3330 3353 Ein hübscher Kerl und reich, reich. Schad um ihn.
587 3168 858 3327 Karl:
1062 3350 3560 3531 (auch wie erwachend) Karl,Karl, versteck das Geld und
603 3362 916 3519 Elisa:
1075 3515 3436 3713 sperr die Türe auf. Aber zuerst versteck das Geld.
1075 3691 3547 3911 Wenn sie kommen und die Türe versperrt finden – Karl,
1062 3895 3509 4067 Karl! - (sie greift nach seinen Händen, in denen er
1053 4054 2447 4259 die Banknoten zerknüllt hält)
2881 4090 3334 4268 In den Se
1056 4243 2045 4428 Nicht mich anrühren.
600 4252 858 4402 Karl:
2664 4249 3337 4437 berlegen. Aber
1065 4389 3464 4632 Karl, niemand weiss! Bedenke doch, niermand weiss was.
590 4434 900 4638 Elisa:
1062 4616 3452 4795 Nicht der geringste Verdacht ist auf dich gefallen,
1053 4769 3503 4976 Rette dich, Karl! Rette uns beide! Ich war ja rasend!
1053 4967 3595 5216 Ich war ja so wenig bei Sinnen wie du! Weisst du dem,
