4040 5544
3304 352 3517 594 25
3136 587 3411 785 haben
554 543 2721 759 Karl: Zuweilen schläft man wohl auch ein.
565 748 3513 946 Wachtmeister: Haben Sie heute während der Mittagspause geschla-
2949 902 3455 1093 jetzt zwei.
1020 906 2476 1115 fen,Herr Oberaufseher?
543 1133 847 1287 Karl:
1020 1089 3521 1298 Ob ich - Es wäre möglich. Ja, ich glaube fast, dass ich
1038 1273 2362 1515 ein wenig geschlummert habe.
554 1485 3341 1650 Wachtmeister: Nun, was während dieser Zeit geschehen ist, das
1009 1636 3502 1841 können Sie nicht wissen. Und Sie haben doch die Leute
1012 1793 3099 2046 nicht ununterbrochen unter den Augen gehabt.
543 1980 814 2193 Karl:
1012 1980 3546 2248 Aber all das sind doch keine genügenden Verdachtsgrün-
1012 2171 2267 2373 de gegen Raso und Bardoni.
546 2333 3385 2523 Wachtmeister: Die Zwei sind nicht da, das steht fest. Und mit
1012 2516 3528 2729 Verdachtsgründen fängt die Wahrheit an. In einer Stun-
1009 2725 3462 2890 de wird der Kommissär aus Bozen hier sein den Tatbe-
1009 2901 3521 3062 stand aufnehmen. Die zwei Leute fehlen nun einmal, also
1012 3081 2109 3264 wird die Untersuchung -
1009 3249 1720 3425 (Lärm im Hofe)
1012 3385 3411 3623 (die am Fenster stand.hinunterblickend) Da sind sie
543 3370 851 3671 Elisa:
884 3583 1207 3884 5 ja.
535 3737 2101 4027 Wachtmeister: Wer?
983 3902 3257 4133 (auch beim Fenster) Ja, da sind Raso und Bardoni.
539 3987 792 4119 Karl:
535 4093 3396 4364 Wachtmeister: Hm. Immerhin bleibt es verdächtig, dass sie sich
994 4335 3411 4515 verspätet haben. (gibt sich einen Ruck, zum Fenster.
990 4478 3337 4683 ruft hinunterl  Roberto! ich verhaften lassen, Herr
994 4621 2300 4848 (unten) Herr Wachtmeister -
517 4632 954 4870 Roberto:
994 4819 3455 5017 (tritt eiligst herein) Ich beschwöre Sie, Herr Wach t-
524 4856 796 5021 Wirt:
