4024 5544
553 546 3464 817 Elisa! Was fällt dir denn ein" ich, ob ich nicht vor dem
1020 738 3501 1013 (sie bei der Hand nehmend) Landstrasse spazieren ge-
561 835 832 984 Karl:
1023 955 3504 1197 Was willst du von mir? Bist du verrückt? Ah! (reisst
571 1020 875 1157 Elisa:
1016 1114 3504 1338 sich los, will zum Fenster)
582 1197 814 1352 Karl:
1020 1284 3439 1494 Bleibe! Bleibe! Das ist eine Sache zwischen dir und
561 1327 832 1577 Karl:
1031 1457 3526 1678 mir. soll ich dann? Angekleidet hab ich mich. Dann hab
1016 1631 3529 1862 Was für eine Sache? Du bist ja -
579 1638 864 1852 Elisa:
1020 1866 3573 2011 (sie bei beiden Händen nehmend) Sag mir die Wahrheit.
564 1877 825 2043 Karl:
1023 2043 3598 2217 Welche Wahrheit? Was geht mich all das an? Bist du xxx
561 2040 868 2242 Elisa:
1041 2195 3110 2398 toll? Denkst du etwa, ich habe ihn ermordet?
1020 2383 3475 2531 Nein! Das denk ich nicht. Dass du ihn ermordet hast
568 2383 832 2549 Karl:
1016 2528 3041 2763 glaub ich nicht. Aber du hast ihn gekannt.
1020 2719 3407 2900 Wen kenn ich? Ich kenneniemanden hier. Woher sollt
564 2756 868 2904 Elisa:
1023 2860 3486 3067 ich jemanden kennen? Ich weiss ja gar nicht, wer es
1020 3067 3515 3258 ist. Weisst du,wer es ist? Hast du ihn gekannt? Nie-
1023 3298 3490 3435 mand hat uns gesagt wer es ist. Ein junger Mann. Nun
1016 3446 3497 3623 ja. Was weiter? Es gibt viele junge Männer hier. Ein
488 3287 850 3692 5/8
900 3576 3526 3884 ### Hofratssohn. Woher soll ich einen Hofratssohn kennen?
1020 3822 3486 3963 Was kümmert mich das Berghotel? Was kürmmern mich die
3117 4007 3388 4133 m Berg
1002 4003 1877 4159 Leute dort oben?
1013 4108 3508 4347 Wo wart du heut? Was hast du den ganzen Tag gemacht?
561 4159 821 4329 Karl:
1013 4282 3555 4520 Was soll ich denn machen? Da, in dem Zimmer bin ich ge-
546 4358 857 4524 Elisa:
1013 4459 3490 4687 sessen und eine Weile bin ich spazieren gegangen, die
1013 4672 3497 4839 Strasse gegen den Kalterersee mit - mit Marie. bist
1005 4853 1891 5052 Es ist nicht wahr.
542 4857 806 5056 Karl:
