3816 5624
3122 268 3283 551 14.
793 542 3309 748 mich vergessen. Und das, liebe Marie, das ist es, um was
803 722 3377 951 ich Sie bitten möchte: Dass Sie sich seiner annehmen,
816 922 3331 1132 wenn ich nicht mehr da bin. Sie könnten ihm viel Leid
822 1100 3302 1313 damit ersparen. drei Tage nach der Geburt gestorben.
816 1277 3354 1471 Ich versteh ja immer weniger - Was heisst denn das al-
345 1277 655 1432 Marie:
822 1458 3231 1661 les? Ach, Lassen Sie mich doch gehen.
829 1525 3364 1771 Wenn es Ihnen beliebt. Aber Sie haben doch selbst kei-
342 1629 668 1803 Elisa:
809 1767 3328 2000 ne Lust dazu. Und ich bin ja gleich zu Ende. Nur noch
822 1954 3273 2138 ein paar Worte. Dass ich die Absicht habe mir meine
813 2109 3235 2374 Existenz anders einzurichten, als mir xxx bisher be-
826 2351 3012 2551 schieden war, das ist Ihnen doch klar geworden?
871 2496 3319 2677 Sie sind nicht seine Frau?
364 2496 668 2680 Marie:
822 2680 3338 2893 Nein. Aber auch wenn ich seine Frau wäre, ging ich auf
358 2706 664 2915 Elisa:
819 2857 3415 3032 und davon. Nur für Sie wird die Sache dadurch beträcht-
835 3057 3264 3264 lich einfacher, dass wir nicht verheiratet sind. Ich
826 3209 3231 3425 habe die Dummheit begangen vor vier Jahren mit ihm
835 3360 3273 3622 durchzugehen; aus dem Haus meinen Mutter, wo ich's
835 3573 3341 3770 auch nicht sonderlich gut gehabt habe. Mein Vater ist
829 3793 3377 3944 nämlich als Major in Rovereto gestorben, schon vor
416 3783 593 3925 Mart.
842 3934 3360 4118 zwölf oder fünfzehn Jahren, und seither hat's für meine
848 4102 3286 4325 Mutter, die da unten zuhause war, überhaupt nichts an-
477 4147 677 4302 lisa:
855 4286 3241 4489 deres gegeben als Kirchgang und Gebet. Ein lustiges
413 4312 629 4463 Marie
842 4480 3257 4638 Leben war es wahrhaftig auch damals nicht. Es hätte
858 4654 3373 4796 vielleicht nicht einmal der Karl kommen müssen, Er hat
858 4838 3280 4996 bei uns im Haus gewohnt. Und wie das schon so geht -
822 4954 3357 5176 na, Sie haben ja auch eine Ahnung, wenn man sich so Tag
