3800 5576
833 450 3253 719 sein Geld bekommen, und wenn sich's einmal verspätet
823 716 3308 901 hat, so sind Sie nie gemahnt worden, so viel ich weiss.
839 881 3224 1050 (an der Kommode gelehnt) Das hat seine Richtigkeit,
353 855 684 1082 Elisa:
836 1047 3373 1218 Fräulein Marie. Wir können uns wirklich nicht beklagen.
816 1209 3224 1413 Nie sind wir gemahnt worden. Und ich glaube beinah,
836 1387 3217 1578 Fräulein Marie, Sie hätten nicht einmal was dagegen,
826 1552 3211 1763 wenn wir ganz ohne Bezahlung hier bei Ihnen wohnen
2281 1737 3088 1967 ick. Wahrhaftig, im
846 1779 1251 1950 blieben.
852 1905 3292 2096 (als verstünde sie nicht) Wissen Sie denn auch schon
376 1983 671 2158 Marie:
842 2106 2673 2281 wohin Sie von hier aus reisen werden?
2770 2236 3123 2453 daa dar:
842 2274 1798 2501 (zuckt die Achseln)
363 2287 680 2485 Elisa:
842 2459 3285 2663 Sie müssen meine Frage nicht für zudringlich halten.
392 2527 684 2699 Marie:
842 2618 3357 2864 Es ist nur - ich darf es wohl schon sagen - weil mein
852 2803 3178 3000 Vater Ihrem Mann einen Vorschlag zu machen hätte -
3107 2978 3340 3201 meno
846 3003 1409 3227 vielleicht.
842 3188 3214 3376 Einen Vorschlag? Meinem Mann -? Soll er vielleicht
389 3224 684 3383 Elisa:
846 3379 3088 3519 Kellner hier werden? Ja? Und ich Zimmermädchen?
855 3532 2978 3713 Sie sind heute recht übel geläunt,Frau Elisa,
382 3600 690 3726 Marie:
2106 3690 2265 3917 Aan
852 3697 1623 3911 Ach, warum denn -
392 3703 690 3904 Elisa:
852 3869 2845 4069 Ich kann's am Ende begreifen. (steht auf)
392 3950 700 4086 Marie:
2359 4027 3337 4267 was Neues umsehen und
872 4050 2317 4251 Was können Sie denn begreifen?
405 4134 697 4277 Elisa:
859 4241 3464 4416 Auch ich wäre nicht zufrieden an Ihrer Stelle. Sie vor-
399 4293 703 4471 Marie:
872 4377 2070 4627 dienten ein besseres Los.
872 4591 3370 4811 Wer sagt Ihnen, dass ich's besser verdiene. Karl viel-
386 4581 726 4821 Elisa:
872 4753 3408 4967 leicht, ja. Aber ich? Allein wäre, aber mit einer Frau
936 4938 2790 5171 und gar mit einer Frau, wie ich eine bin.
