3763 5576
3097 275 3345 507 3
366 488 3261 713 Gasthofzimmer, anständig, aber nicht sonderlich freundlich. Die
2223 713 3001 831 Gleicht- Bist du
378 725 3299 923 Wände blau-grau gemalt, etwas abgeschilfert, die Decke schmutzig
1034 908 1194 1014 kla
362 927 3284 1129 weiss. Thüre rechts auf den Gang. Zwei Fenster im Hintergrund.
374 1072 3314 1266 Dazwischen kommode, über der Kommode zwei Oeldruckbilder, auf der
362 1243 3200 1461 Kommode Photographien in Rahmen und ein Carton, offen,mächtig
2944 1396 3287 1529 Sie. Abend
362 1426 3421 1655 gross, wie ein Gebetbuch. links ein Vorhang, fast geschlossen, durch
2826 1606 3291 1716 sa: es ist
2467 1598 2723 1716 G.H.F.F:P:F:H:D:D'H:H.
378 1701 3284 1812 einen Spalt der Erker mit den zwei Betten sichtbar. links vorn
362 1861 3284 1968 an der Wand ein Waschkasten in leidlichem Zustand. Daneben ein
378 1964 3234 2170 eiserner Ofen, weiter hinten ein alter Schrank, das beste Möbel
366 2132 3230 2380 des Zimmers. Ueber dem Waschkasten ein Spiegel. Neben der Tür-
1888 2307 2101 2422 G.H.F.P.
366 2323 3284 2521 ein Kleiderstock, an dem ein weicher Männerhut ein Havelock, ein
362 2487 3345 2727 Frauenmantel, ein Shawl hängen. In der Mitte des Zimmers ein run-
355 2693 3375 2872 der Tisch, auf diesem einige zerlesene Bücher, ein gebundener Jahr-
362 2853 3356 3104 gang einer illustrierten Zeitung, brauner Lederdivan,zwei Plüsch-
362 3032 1617 3242 fauteuill, zwei Holzsessel.
362 3368 3104 3539 (Elise, 26 Jahre, von blassem, etwas mattgelblichen Teint, das
351 3520 3322 3722 schwarze Haar kokett, aber nicht sehr ordentlich frisiert, in hel-
351 3707 3188 3905 lem etwas abgetragenen Sommerkleid, vor dem Schrank, der offen
355 3867 3261 4115 steht; sie mustert die drin hängenden Kleidungsstücke,betastet
351 4027 3219 4268 eines und das andere, dann geht sie zur Kommode, nimmt das dort
351 4229 3120 4432 liegende kleine Gebetbuch,schlägt es auf, vergewissert sich,
343 4409 3295 4634 dass das Gesuchte noch vorhanden, geht mit den Gebetbuch zum
343 4576 3280 4817 Schrank, legt es auf den Boden des Schrankes, schüttelt den Kopf,
324 4794 3268 4950 nimmt das Gebetbuch, geht damit zur Kommode, öffnet die unterste
332 4966 3291 5179 Lade, wühlt darin, gibt das Gebetbuch hinein, nimmt es wieder he-
