4008 5608
1057 498 3510 759 Zeit benützen. Schau dich in den Spiegel. Wenn man so
1072 716 3547 977 viel durchgemacht hat, das hinterlässt seine Spuren...
1065 905 3005 1123 Falten. Elisa, man bleibt nicht ewig jung.
578 1043 912 1275 Elisa:
1054 1054 2384 1275 Karl nur dich, dich allein -
1054 1243 2122 1475 Rühr mich nicht an!
592 1261 868 1439 Karl:
570 1410 2449 1632 Wachtmeister: (draussen) Herr Bengler!
592 1613 901 1784 Elisa:
1065 1606 1879 1806 (erstickt) Karl!
581 1791 861 1995 Karl:
1072 1784 1831 2002 Ja. Da bin ich.
578 1940 3492 2148 Wachtmeister: (tritt ein) Herr Oberaufseher, der Herr Kommissär
1057 2162 3481 2362 ist sehr ungeduldig. Ich will Ihnen nur mitteilen,
1054 2271 3452 2504 dass sich die Verdachtsgründe gegen die beiden Ver-
1039 2500 3528 2667 hafteten erheblich verstärkt haben. Sie brauchen sich
1039 2685 2998 2878 weiter kein Blatt vor den Mund zu nehmen.
1039 2838 3543 3052 (hat das Fenster geöffnet) vor allem einmal lasse men
581 2813 832 3016 Karl:
1057 3038 3565 3252 die Burschen los. Bardoni, Raso, Ihr seid frei! Sagt es
1047 3187 1595 3365 ihnen doch!
1039 3347 3488 3550 (Unruhe unten, einige Leute kommen die Treppe herauf,
1047 3536 2108 3772 die Türe steht offen)
1028 3754 3423 3928 Hier sind die zweihundert Kronen, Herr Wachtmeister.
563 3728 843 3954 Karl:
1047 3881 3368 4084 Und hier bin ich! Ist Ihnen alles klar? Und bitte,
1028 4073 2718 4302 lassen Sie doch die Türe hier frei.
545 4281 2166 4448 Wachtmeister: Was heisst das? He!
1036 4430 3379 4673 Das ist mein armes Weib, die kann gar nichts dafür,
534 4466 839 4615 Karl:
1028 4564 3445 4778 dass ich elender Kerl Einen erwürgt hab - Haben Sie
1025 4760 3601 5015 doch Mitleid mit ihr. Sie ist unschuldig, ich weiss es...
1007 4967 1555 5244 Elisa, geh!
