4056 5640
3305 308 3505 511 27
1784 368 2489 556 V. W. C. J. M. F.
2972 321 3140 549 il
1029 594 3575 889 Das ist ja alles - nein, nein - Ich will, ich will alles
540 768 864 905 Marie:
1026 883 2134 1121 das nicht gehört haben.
1029 1095 1413 1311 (lacht)
552 1111 870 1308 Elisa:
1038 1203 3454 1426 Sie haben mich bei der Hand gehalten, Sie habe mich
562 1292 864 1445 Marie:
1035 1416 3019 1613 nicht fortgelassen,glauben Sie nur nicht -
1035 1575 3566 1810 Geben Sie Acht, ich höre seine Schritte auf der Treppe.
556 1645 864 1781 Elisa:
1032 1781 3515 1962 Dass Sie sich nicht verraten, Marie. Da könnte die Sa-
1035 1949 3483 2181 che sogar bössenden, sehr böse. Dagegen, wenn ich ein-
1038 2108 3521 2327 mal fort bin, aber wir besprechen morgen alles Nähere.
1032 2327 3489 2518 Ein anderes Gesicht, Marie, geschwind! Ja, so! So ist's
3254 2451 3512 2588 G.C.H.F.F:S
1032 2492 2743 2699 gut. Sehen Sie, wenn man nur will -.
1051 2699 3394 2858 (tritt ein;dreissig Jahre, in schlichter Kleidung)
568 2711 835 2838 Karl:
1041 2823 3366 3010 Guten Abend,Elise. Guten abend, Fräulein Marie, wie
1035 3010 3486 3188 geht's? Sie haben wohl schon gehört? Es ist heut Ei-
1038 3200 3165 3375 ner umgebracht worden in der Nähe des Hotels.
2854 3356 3016 3512 G.C.F.P.
1051 3385 2200 3572 Weiss man schon Näheres?
568 3400 886 3556 Elisa:
1051 3566 3419 3766 Ich weiss nicht mehr, als was mir Ihr Vater erzählt
575 3585 848 3734 Karl:
1051 3727 1930 3921 hat unten am Thor.
2845 3848 3375 4016 tern. Es is
1045 3902 2480 4128 Ein alter Hofrat soll es sein.
581 3943 899 4121 Elisa:
1045 4054 3489 4258 So?... Ja, ich habe auch so was gehört. Nun, auch Hof-
584 4112 845 4267 Karl:
1051 4207 3518 4461 räte müssen sterben. Freilich, sonst hätten sie es
1051 4404 3432 4604 gar zu gut.Hofrat sein, Vergnügungsreisen machen, in
1064 4632 3480 4858 einem feinen Hotel wohnen, und dann noch ewig leben
3045 4769 3480 5004 nigkeiten.
1064 4816 2851 4997 das wäre zu viel.
1064 4963 3210 5217 (beim Fenster) Da ist ja ein Gendarm im Hofe.
584 4975 889 5172 Elisa:
