3816 5656
781 585 3149 835 Herr Oberaufseher, Dreihundert Meter weit davon, in
799 763 3181 1013 einer Waldeslichtung. Und ich komme Sie fragen, Herr
799 927 3170 1166 ob Ihnen nicht vielleicht aufgefallen ist, dass die
799 1120 3263 1373 zwei Genannten oder andere sich im Laufe der Arbeits-
792 1287 2914 1551 zeit auf eine längere Weile entfernt hätten.
795 1448 3249 1712 Nicht dass ich wüsste. Natürlich hat man nicht immer
342 1498 599 1740 Karl:
817 1651 3235 1872 alle im Auge... aber ich glaube nicht. Raso und Bar-
813 1840 2803 2061 doni, es sind so fleissige, brave Arbeiter -
360 2058 1398 2247 Wachtmeister: Oh, das -
835 2208 3163 2407 Ich halte es für ausgeschlossen. Sie werden sehen,
357 2268 621 2421 Karl:
824 2375 2760 2589 in ein paar Minuten sind die Burschen da,
357 2521 3220 2753 Wachtmeister: Wir wollen hoffen. Obwohl auch eine solche Ver-
835 2721 3281 2939 spätung unter den obwaltenden Umständen - (auf eine
835 2878 3388 3106 Idee kommend) Uebrigens,Sie haben ja auch eine Mittags-
835 3131 1155 3292 pause.
842 3224 3185 3495 Ja. Selbstverständlich. So viel ich mich erinnere,
385 3263 624 3459 Karl:
849 3413 3299 3680 blieben alle zusammen, wie gewöhnlich. Keineswegs hat
842 3588 3384 3844 sich einer weiter als zwanzig Schritte von der Strecke
852 3787 3299 4005 entfernt. Und Sie können sich ja denken,wie sich das
856 3976 3274 4176 mit der Mittagspause verhält, Herr Wachtmeister. Man
859 4119 3331 4376 schneidet sich ein Stück Wurst ab und isst ein stück
856 4322 3402 4543 Brot dazu. Ich tue es auch nicht anders. Dann legt man
874 4493 3359 4740 sich für ein paar Minuten ins Gras hin, und dann fängt
877 4665 3245 4914 die Arbeit wieder an. Das ist unsere Mittagspause.
399 4896 3185 5114 Wachtmeister: Man legt sich ins Gras hin und schläft ein.
