4024 5592
3338 315 3494 535 34
1057 528 3615 687 Keine Angst! Du hast ihn nicht umgebracht... Ich weiss.
605 551 827 748 Karl
1057 742 3568 888 (beginnt zu verstehen, beinahe unhört ar, mehr mit Blick
595 757 913 897 Elisa:
1076 862 2040 1092 und Geste) Du - Du!
601 1098 872 1257 Karl:
1069 1082 1550 1270 Ich - ja.
1069 1193 3529 1426 Duf Du hast uns zusammen gesehen- Du bist uns nachge-
605 1276 907 1432 Elisa:
1063 1400 3491 1585 gangen? Du hast uns gesehen? Du hast uns belauscht?
1076 1598 3475 1776 Du hast mich davon gehen lassen - und dann gewartet
1069 1757 2976 1973 bis er schläft - du, du Schuft, du feiger!
1069 1945 3412 2161 Ich hab Buch nicht belauscht - Ich hab Euch nicht
601 1983 872 2151 Karl:
1066 2139 3517 2320 gesehn - Ich bin kein Schuft, Elisa, Nichts hab ich ge¬
1076 2275 3564 2479 wusst, gar nichts. Wenn ich nur eine Ahnung gehabt hät
1076 2463 3450 2673 te, wie leicht du dir dein Geld verdienst,bei allen
1069 2673 2610 2861 Heiligen, ich hätt's nicht getan.
1063 2832 2549 3036 Du - hast ihn umgebracht, du?
605 2836 920 2998 Elisa:
1060 3030 3463 3186 Es war ein hübscher Kerl, ja. Und so fein angezogen.
608 3039 866 3227 Karl:
1063 3163 3558 3332 Meiner Seel, wie er da auf der Wiese lag, du kennst sie
1063 3342 3440 3520 ja... er war wohl sehr müde von deinen Küssen? von
1069 3545 3475 3714 deinen Küssen auf der grünen Wiese im Sonnenschein
1057 3698 3491 3902 Nicht gerührt, Elisa! Er schlief tief und fest. Wenn
1053 3924 3545 4077 ich gewusst hätte, wer da liegt, dass vor einer Stuhde,
1076 4035 3619 4242 oder einer halben - Aber nichts heb ich gewusst. Keine
1076 4258 2447 4446 blasse Ahnung hab ich gehabt.
3214 4385 3482 4605 so ist
1076 4405 2804 4634 Und im Schlaf, im Schlaf hast du ihn -
592 4360 910 4637 Elisa:
1057 4561 3412 4809 Es wäre vielleicht besser gewesen, Aber er ist er-
582 4611 856 4831 Karl:
1553 4758 1843 4990 G.H.F.P
1063 4777 1426 4977 wacht.
1063 4962 3163 5184 So rede doch. Willst du nicht endlich? Rede!
598 4993 904 5143 Elisa:
