4024 5576
1009 477 3457 695 schöneres Zimmer bei Ihnen. Oder wer weiss,wir wohn-
1009 730 3537 907 ten gar drüben beim Schwarzen Adler, wie die wirklichen
996 862 1858 1080 Herrn Ingenieure.
996 1057 3466 1259 (hat sich ihr gegenüber gesetzt) Das könnt ich Ihnen
529 1092 839 1240 Marie:
1009 1259 3569 1451 nicht übel nehmen, Frau Elisa. Bei uns sieht es freilch
1003 1458 3406 1615 nicht sehr vornehm aus. Aber im nächsten Jahre will
2800 1560 3005 1752 G.H.F.P
1009 1608 2002 1817 der vater renovieren.
996 1746 2999 1990 Aufrichtig gesagt, es könnte nicht schaden,
506 1756 827 1954 Elisa:
996 1906 3466 2147 Ihnen kann's wohl gleich sein, denk ich. Sie kommen ja
516 1980 839 2147 Marie:
996 2159 1858 2329 doch nicht wieder.
996 2313 3563 2534 Kaum. Man wäre schliesslich lang genug da gewesen; sechs
519 2342 843 2483 Elisa:
996 2499 3502 2669 Monate. Im nächsten Jahr werden Sie überhaupt bessere
990 2685 3550 2823 Kundschaft haben, wenn einmal die Bergbahn eröffnet ist.
1003 2851 3197 3031 Das soll ja noch heuer im Spätherbst geschehen.
516 2848 820 3015 Marie:
500 3060 823 3226 Elisa:
1003 3012 3531 3194 Da ist dann das ganze, Gesindel (aus der Ortschaft) fort.
1003 3201 1579 3386 -Gesindel! -
525 3226 833 3390 Marie:
984 3380 3393 3537 Leute, die kein Geld haben, sind immer Gesindel. Dann
513 3412 830 3572 Marie:
984 3588 3550 3745 werden Sie auch Ihre miserabelsten Löcher für Touristen
977 3710 3441 3909 zur Verfügung haben, und für einen Tag mehr verlangen
984 3915 3434 4104 können als jetzt für eine Woche. Und nebstbei - (sie
990 4094 3534 4261 steht auf) nebstbei wird man Ihnen nicht schuldig blei-
977 4245 3553 4450 ben. Aber Ihr Vater soll nur keine Angst haben, Eh wir
977 4456 3348 4617 abreisen,wird alles bezahlt sein. Schlimmstenfalls
984 4626 2758 4834 schickt man's Ihnen.
974 4767 3425 5001 (kopfschüttelnd) Mein Vater hat von Ihnen noch immer
503 4818 814 4985 Marie:
