4104 5688
1009 506 3373 783 Hand fällt. Aber da war's schon zu spät. Da war es
3453 525 3644 923 ¬
1037 710 2225 939 sehen aus mit ihm.
1037 840 3405 1053 Es ist ja alles nicht wahr. Du willst mir nur Angst
570 936 878 1149 Elisa:
1050 999 3593 1238 machen. Du hast jemanden umgebracht, du? Weder ihn noch
1063 1193 3622 1438 einen Andern. Jetzt kannst du mir's ja sagen, Du weisst
1063 1343 3568 1617 ja doch alles, was du wissen willst. Und tot ist er ja
1076 1594 2546 1817 auch. Es kann dirja genug sein.
2686 1582 2944 1747 est.
1082 1699 3555 2008 Ich habe ihn umgebracht. Und es hat sich nicht einmal
608 1811 882 2008 Karl:
1085 1900 3463 2170 gelohnt. Nichts mehr war in der Brieftasche, nichts.
2298 2075 3463 2314 Keiner weiss es, Karl, kei¬
1092 2104 2065 2355 Du hast nachgesehen?
614 2132 932 2326 Elisa:
1111 2244 3466 2470 Denk dir, auch das habe ich noch getan. Es war wohl
624 2361 894 2533 Karl:
1108 2419 3545 2635 nicht das Schlimmste. Aber nichts mehr, nicht. Alles
1108 2600 3580 2852 hatker seinem Schatz gegeben. Nur ein paar Visitekar
1127 2801 2654 3042 ten. Nun, den Namen kennst du ja,
1136 3036 1935 3218 Schweig, schweig.
665 3068 961 3211 Elisa:
1127 3128 3415 3351 Ein hübscher Kerl und reich, reich. Schad um ihn.
662 3243 929 3393 Karl:
1143 3268 3657 3526 (auch wie erwachend) Karl,Karl, versteck das Geld und
1158 3485 3501 3759 sperr die Türe auf. Aber zuerst versteck das Geld.
1143 3685 3634 3902 Wenn sie kommen und die Türe versperrt finden - Karl,
1158 3816 3622 4134 Karl! - (sie greift nach seinen Händen,in denen er
1178 4064 2568 4290 die Banknoten zerknüllt hält)
1174 4249 2174 4462 Nicht mich anriihren.
707 4300 987 4468 Karl:
1190 4379 3590 4646 Karl,niemand weiss! Bedenke doch, niemand weiiss was.
713 4484 1028 4685 Elisa:
1184 4516 3603 4806 Nicht der geringste Verdacht ist auf dich gefallen,
1193 4688 3641 4962 Rette dich, Karl! Rette uns beide! Ich war ja rasend!
1203 4898 3739 5191 Ich war ja so wenig bei Sinnen wie du! Weisst du denn,
