<?xml version="1.0" encoding="UTF-8" standalone="yes"?>
<PcGts xmlns="http://schema.primaresearch.org/PAGE/gts/pagecontent/2013-07-15" xmlns:xsi="http://www.w3.org/2001/XMLSchema-instance" xsi:schemaLocation="http://schema.primaresearch.org/PAGE/gts/pagecontent/2013-07-15 http://schema.primaresearch.org/PAGE/gts/pagecontent/2013-07-15/pagecontent.xsd">
    <Metadata>
        <Creator>prov=READ-COOP:name=TrHtr:version=2.1.0:model_id=51170:date=15_08_2023_03:31</Creator>
        <Created>2023-05-10T14:58:43.755+02:00</Created>
        <LastChange>2023-08-15T03:31:08.099+02:00</LastChange>
        <TranskribusMetadata docId="1428696" pageId="55428379" pageNr="107" tsid="132838443" status="IN_PROGRESS" userId="64420" imgUrl="https://files.transkribus.eu/Get?id=UUWRGKPOVADEFQYIKEVXVSFO&amp;fileType=view" xmlUrl="https://files.transkribus.eu/Get?id=YZCJGDVAGSYDBITWUGHLCSFD" imageId="44702452"/>
    </Metadata>
    <Page imageFilename="1428696_0107.jpg" imageWidth="4072" imageHeight="5624">
        <ReadingOrder>
            <OrderedGroup id="ro_1711808568926" caption="Regions reading order">
                <RegionRefIndexed index="0" regionRef="tr_2"/>
                <RegionRefIndexed index="1" regionRef="tr_1"/>
            </OrderedGroup>
        </ReadingOrder>
        <TextRegion id="tr_2" custom="readingOrder {index:0;}">
            <Coords points="555,409 3582,409 3582,2559 555,2559"/>
            <TextLine id="tr_2_tl_1" custom="readingOrder {index:0;}">
                <Coords points="3235,524 3299,528 3336,513 3367,520 3393,543 3416,535 3434,554 3495,535 3499,317 3472,309 3416,336 3401,324 3363,328 3333,309 3242,294"/>
                <Baseline points="3259,465 3349,465 3438,459 3504,465"/>
                <TextEquiv>
                    <Unicode>1 25/</Unicode>
                </TextEquiv>
            </TextLine>
            <TextLine id="tr_2_tl_2" custom="readingOrder {index:1;}">
                <Coords points="1010,807 3088,788 3401,746 3404,630 1014,596"/>
                <Baseline points="1032,782 1080,782 1170,776 1259,770 1349,770 1438,770 1528,770 1617,764 1707,764 1797,758 1886,758 1976,758 2065,752 2155,752 2244,746 2334,746 2423,746 2513,746 2603,740 2692,746 2782,746 2871,740 2961,740 3050,740 3140,734 3229,734 3319,734 3409,740"/>
                <TextEquiv>
                    <Unicode>Zuweilen schläft man wohl auch ein. Die Beiden haben</Unicode>
                </TextEquiv>
            </TextLine>
            <TextLine id="tr_2_tl_3" custom="readingOrder {index:2;}">
                <Coords points="535,788 577,792 637,833 656,822 705,833 750,795 792,814 860,807 863,667 792,652 750,671 724,648 667,641 648,652 630,637 535,630"/>
                <Baseline points="555,788 602,788 692,782 782,782 871,782"/>
                <TextEquiv>
                    <Unicode>Karl:</Unicode>
                </TextEquiv>
            </TextLine>
            <TextLine id="tr_2_tl_4" custom="readingOrder {index:3;}">
                <Coords points="547,1010 3540,958 3582,795 550,822"/>
                <Baseline points="567,961 626,961 716,961 805,961 895,955 985,955 1074,955 1164,955 1253,949 1343,949 1432,943 1522,943 1611,937 1701,937 1791,937 1880,937 1970,937 2059,931 2149,931 2238,925 2328,925 2417,925 2507,919 2597,919 2686,913 2776,913 2865,913 2955,913 3044,913 3134,913 3223,907 3313,907 3403,907 3492,907 3582,913"/>
                <TextEquiv>
                    <Unicode>Wachtmeister: Haben Sie heute während der Mittagspause geschla-</Unicode>
                </TextEquiv>
            </TextLine>
            <TextLine id="tr_2_tl_5" custom="readingOrder {index:4;}">
                <Coords points="1018,1169 3442,1123 3499,924 3039,1037 2575,935 1022,1007"/>
                <Baseline points="1044,1128 1086,1128 1176,1128 1265,1122 1355,1116 1444,1116 1534,1116 1623,1110 1713,1110 1803,1110 1892,1104 1982,1104 2071,1104 2161,1104 2250,1104 2340,1104 2429,1104 2519,1104 2609,1098 2698,1104 2788,1098 2877,1098 2967,1098 3056,1092 3146,1092 3235,1092 3325,1086 3414,1086 3504,1092"/>
                <TextEquiv>
                    <Unicode>fen, Herr Oberaufseher?</Unicode>
                </TextEquiv>
            </TextLine>
            <TextLine id="tr_2_tl_6" custom="readingOrder {index:5;}">
                <Coords points="1022,1357 3125,1353 3544,1304 3548,1108 1025,1188"/>
                <Baseline points="1044,1301 1134,1295 1223,1295 1313,1295 1403,1295 1492,1295 1582,1289 1671,1289 1761,1283 1850,1283 1940,1283 2029,1283 2119,1277 2209,1277 2298,1277 2388,1277 2477,1277 2567,1277 2656,1271 2746,1265 2835,1265 2925,1265 3014,1259 3104,1259 3194,1259 3283,1253 3373,1253 3462,1247 3552,1247"/>
                <TextEquiv>
                    <Unicode>Ob ich — Es wäre möglich. Ja, ich glaube fast, dass ich</Unicode>
                </TextEquiv>
            </TextLine>
            <TextLine id="tr_2_tl_7" custom="readingOrder {index:6;}">
                <Coords points="554,1433 618,1418 667,1429 724,1414 750,1387 803,1376 814,1361 852,1361 848,1218 807,1214 780,1188 739,1191 724,1176 697,1203 679,1199 603,1139 547,1131"/>
                <Baseline points="573,1313 662,1307 752,1307 841,1319 853,1325"/>
                <TextEquiv>
                    <Unicode>Karl:</Unicode>
                </TextEquiv>
            </TextLine>
            <TextLine id="tr_2_tl_8" custom="readingOrder {index:7;}">
                <Coords points="1029,1504 2198,1527 2352,1470 2356,1323 2262,1353 2002,1304 1859,1346 1696,1308 1576,1361 1259,1338 1033,1387"/>
                <Baseline points="1050,1480 1110,1474 1200,1474 1289,1474 1379,1468 1468,1474 1558,1468 1647,1462 1737,1462 1826,1456 1916,1456 2006,1450 2095,1450 2185,1450 2274,1450 2364,1450"/>
                <TextEquiv>
                    <Unicode>ein wenig geschlummert habe.</Unicode>
                </TextEquiv>
            </TextLine>
            <TextLine id="tr_2_tl_9" custom="readingOrder {index:8;}">
                <Coords points="569,1685 3204,1712 3359,1678 3363,1474 569,1576"/>
                <Baseline points="591,1659 680,1659 770,1659 859,1659 949,1653 1038,1653 1128,1653 1217,1647 1307,1647 1397,1647 1486,1647 1576,1641 1665,1641 1755,1635 1844,1635 1934,1635 2023,1629 2113,1629 2203,1629 2292,1629 2382,1623 2471,1623 2561,1623 2650,1617 2740,1617 2829,1617 2919,1611 3009,1611 3098,1611 3188,1611 3277,1606 3367,1606"/>
                <TextEquiv>
                    <Unicode>Wachtmister: Nun, was während dieser Zeit geschehen ist, das</Unicode>
                </TextEquiv>
            </TextLine>
            <TextLine id="tr_2_tl_10" custom="readingOrder {index:9;}">
                <Coords points="1037,1851 3457,1847 3506,1700 1041,1753"/>
                <Baseline points="1056,1826 1092,1826 1182,1826 1271,1820 1361,1820 1450,1820 1540,1814 1629,1814 1719,1814 1808,1808 1898,1808 1988,1808 2077,1803 2167,1803 2256,1803 2346,1797 2435,1797 2525,1797 2614,1797 2704,1791 2794,1791 2883,1791 2973,1785 3062,1785 3152,1785 3241,1785 3331,1779 3420,1779 3510,1767"/>
                <TextEquiv>
                    <Unicode>können Sie nicht wissen. Und Sie haben doch die Leute</Unicode>
                </TextEquiv>
            </TextLine>
            <TextLine id="tr_2_tl_11" custom="readingOrder {index:10;}">
                <Coords points="1029,2047 3122,1991 3122,1900 2918,1840 1033,1908"/>
                <Baseline points="1050,2006 1068,2006 1158,2006 1247,2000 1337,2000 1426,1994 1516,1994 1606,1994 1695,1988 1785,1988 1874,1988 1964,1988 2053,1982 2143,1982 2232,1982 2322,1976 2411,1976 2501,1976 2591,1976 2680,1976 2770,1970 2859,1970 2949,1964 3038,1964 3128,1964"/>
                <TextEquiv>
                    <Unicode>nicht ununterbrochen unter den Augen gehabt,</Unicode>
                </TextEquiv>
            </TextLine>
            <TextLine id="tr_2_tl_12" custom="readingOrder {index:11;}">
                <Coords points="1044,2202 1708,2266 2104,2172 2401,2247 2579,2164 3574,2141 3551,2032 1048,2070"/>
                <Baseline points="1068,2185 1074,2179 1164,2179 1253,2179 1343,2173 1432,2173 1522,2173 1611,2167 1701,2167 1791,2167 1880,2161 1970,2161 2059,2161 2149,2161 2238,2155 2328,2155 2417,2155 2507,2155 2597,2149 2686,2149 2776,2149 2865,2143 2955,2143 3044,2137 3134,2137 3223,2137 3313,2137 3403,2137 3492,2131 3582,2131"/>
                <TextEquiv>
                    <Unicode>Aber all das sind doch keine genügenden Verdachtsgrün-</Unicode>
                </TextEquiv>
            </TextLine>
            <TextLine id="tr_2_tl_13" custom="readingOrder {index:12;}">
                <Coords points="566,2232 588,2236 637,2205 660,2217 701,2198 769,2209 792,2228 811,2217 837,2221 837,2077 799,2077 780,2096 758,2089 724,2115 709,2100 675,2119 656,2115 611,2081 584,2107 566,2107"/>
                <Baseline points="585,2191 674,2191 764,2191 847,2191"/>
                <TextEquiv>
                    <Unicode>Karl:</Unicode>
                </TextEquiv>
            </TextLine>
            <TextLine id="tr_2_tl_14" custom="readingOrder {index:13;}">
                <Coords points="1033,2405 2277,2364 2281,2247 1320,2303 1041,2213"/>
                <Baseline points="1056,2358 1122,2358 1211,2358 1301,2358 1391,2358 1480,2352 1570,2346 1659,2346 1749,2346 1838,2340 1928,2340 2017,2340 2107,2334 2197,2334 2286,2334"/>
                <TextEquiv>
                    <Unicode>de gegen Raso und Bardoni.</Unicode>
                </TextEquiv>
            </TextLine>
            <TextLine id="tr_2_tl_15" custom="readingOrder {index:14;}">
                <Coords points="569,2586 3419,2556 3423,2364 3272,2439 2190,2349 1542,2458 573,2413"/>
                <Baseline points="591,2549 656,2549 746,2543 835,2543 925,2543 1014,2543 1104,2537 1194,2531 1283,2531 1373,2531 1462,2525 1552,2525 1641,2525 1731,2525 1820,2525 1910,2525 2000,2519 2089,2519 2179,2513 2268,2513 2358,2513 2447,2513 2537,2507 2626,2507 2716,2501 2806,2501 2895,2501 2985,2501 3074,2495 3164,2495 3253,2495 3343,2489 3432,2489"/>
                <TextEquiv>
                    <Unicode>Wachtmeister: Die Zwei sind nicht da, das steht fest. Und mit</Unicode>
                </TextEquiv>
            </TextLine>
        </TextRegion>
        <TextRegion id="tr_1" custom="readingOrder {index:1;}">
            <Coords points="597,2612 3576,2612 3576,5054 597,5054"/>
            <TextLine id="tr_1_tl_1" custom="readingOrder {index:0;}">
                <Coords points="1037,2752 2692,2760 3110,2677 3559,2756 3566,2552 2729,2620 1866,2552 1041,2647"/>
                <Baseline points="1062,2710 1152,2710 1241,2710 1331,2704 1420,2704 1510,2704 1600,2704 1689,2704 1779,2698 1868,2698 1958,2698 2047,2698 2137,2692 2226,2692 2316,2686 2406,2686 2495,2686 2585,2680 2674,2680 2764,2680 2853,2680 2943,2680 3032,2674 3122,2674 3212,2668 3301,2668 3391,2662 3480,2662 3570,2662"/>
                <TextEquiv>
                    <Unicode>Verdachtsgründen fängt die Wahrheit an. In einer Stun-</Unicode>
                </TextEquiv>
            </TextLine>
            <TextLine id="tr_1_tl_2" custom="readingOrder {index:1;}">
                <Coords points="1052,2922 3193,2918 3483,2850 3487,2782 1056,2767"/>
                <Baseline points="1074,2895 1164,2895 1253,2895 1343,2889 1432,2889 1522,2889 1611,2889 1701,2883 1791,2883 1880,2883 1970,2877 2059,2877 2149,2877 2238,2871 2328,2871 2417,2865 2507,2865 2597,2865 2686,2859 2776,2859 2865,2859 2955,2853 3044,2853 3134,2853 3223,2847 3313,2847 3403,2841 3492,2835"/>
                <TextEquiv>
                    <Unicode>de wird der Kommissär aus Bozen hier sein den Tatbe-</Unicode>
                </TextEquiv>
            </TextLine>
            <TextLine id="tr_1_tl_3" custom="readingOrder {index:2;}">
                <Coords points="1052,3076 1346,3140 2861,3039 3035,3103 3563,3035 3566,2937 1056,2978"/>
                <Baseline points="1074,3062 1158,3068 1247,3062 1337,3062 1426,3062 1516,3062 1606,3056 1695,3056 1785,3056 1874,3056 1964,3050 2053,3050 2143,3044 2232,3044 2322,3044 2411,3038 2501,3038 2591,3038 2680,3032 2770,3032 2859,3032 2949,3032 3038,3032 3128,3026 3217,3026 3307,3026 3397,3026 3486,3020 3576,3014"/>
                <TextEquiv>
                    <Unicode>stand aufnehmen. Die zwei Leute fehlen nun einmal, also</Unicode>
                </TextEquiv>
            </TextLine>
            <TextLine id="tr_1_tl_4" custom="readingOrder {index:3;}">
                <Coords points="1059,3318 1478,3238 1659,3314 2024,3295 2149,3272 2153,3148 1274,3163 1229,3193 1063,3114"/>
                <Baseline points="1080,3247 1170,3247 1259,3241 1349,3241 1438,3241 1528,3235 1617,3235 1707,3229 1797,3229 1886,3229 1976,3229 2065,3229 2155,3229"/>
                <TextEquiv>
                    <Unicode>wird die Untersuchung -</Unicode>
                </TextEquiv>
            </TextLine>
            <TextLine id="tr_1_tl_5" custom="readingOrder {index:4;}">
                <Coords points="1052,3457 1293,3453 1338,3487 1406,3472 1482,3502 1500,3483 1606,3532 1746,3476 1746,3325 1523,3348 1478,3325 1327,3359 1255,3295 1150,3344 1052,3348"/>
                <Baseline points="1074,3438 1128,3432 1217,3420 1307,3426 1397,3426 1486,3420 1576,3420 1665,3420 1755,3420"/>
                <TextEquiv>
                    <Unicode>(Lärm im Hofe)</Unicode>
                </TextEquiv>
            </TextLine>
            <TextLine id="tr_1_tl_6" custom="readingOrder {index:5;}">
                <Coords points="1059,3653 3453,3634 3457,3423 1063,3529"/>
                <Baseline points="1080,3612 1140,3606 1229,3600 1319,3594 1408,3594 1498,3588 1588,3594 1677,3588 1767,3588 1856,3588 1946,3594 2035,3594 2125,3588 2214,3588 2304,3582 2394,3582 2483,3576 2573,3576 2662,3576 2752,3570 2841,3576 2931,3570 3020,3564 3110,3570 3200,3564 3289,3558 3379,3552 3468,3546"/>
                <TextEquiv>
                    <Unicode>(die am Fenster stand. hinunterblickend) Da sind sie</Unicode>
                </TextEquiv>
            </TextLine>
            <TextLine id="tr_1_tl_7" custom="readingOrder {index:6;}">
                <Coords points="577,3631 596,3631 630,3661 705,3649 735,3664 746,3653 777,3657 814,3619 893,3623 893,3536 844,3555 784,3555 709,3502 686,3514 675,3506 630,3532 603,3514 577,3517"/>
                <Baseline points="597,3612 686,3612 776,3612 865,3612 901,3612"/>
                <TextEquiv>
                    <Unicode>Elisa:</Unicode>
                </TextEquiv>
            </TextLine>
            <TextLine id="tr_1_tl_8" custom="readingOrder {index:7;}">
                <Coords points="1052,3823 1090,3811 1116,3819 1154,3800 1203,3827 1214,3823 1229,3842 1255,3842 1259,3661 1184,3642 1150,3642 1105,3664 1056,3657"/>
                <Baseline points="1074,3773 1164,3779 1253,3773 1265,3773"/>
                <TextEquiv>
                    <Unicode>ja.</Unicode>
                </TextEquiv>
            </TextLine>
            <TextLine id="tr_1_tl_9" custom="readingOrder {index:8;}">
                <Coords points="577,3989 682,4008 893,3974 1059,4030 1218,3970 1331,3985 1376,4030 1470,4019 1474,3815 1161,3894 1112,3860 939,3891 844,3819 762,3838 682,3796 581,3804"/>
                <Baseline points="597,3958 674,3958 764,3958 853,3958 943,3958 1032,3952 1122,3952 1211,3952 1301,3946 1391,3946 1480,3946"/>
                <TextEquiv>
                    <Unicode>Wachtmeister: Wer?</Unicode>
                </TextEquiv>
            </TextLine>
            <TextLine id="tr_1_tl_10" custom="readingOrder {index:9;}">
                <Coords points="581,4151 2922,4155 3321,4124 3325,4026 1568,3962 1248,4068 581,4045"/>
                <Baseline points="602,4137 644,4143 734,4137 823,4143 913,4143 1003,4143 1092,4143 1182,4137 1271,4137 1361,4137 1450,4131 1540,4131 1629,4131 1719,4131 1808,4125 1898,4125 1988,4125 2077,4119 2167,4119 2256,4113 2346,4107 2435,4107 2525,4107 2614,4101 2704,4101 2794,4095 2883,4095 2973,4095 3062,4089 3152,4089 3241,4089 3331,4095"/>
                <TextEquiv>
                    <Unicode>Karl: — (auch beim Fenster) Ja, da sind Raso und Bardoni.</Unicode>
                </TextEquiv>
            </TextLine>
            <TextLine id="tr_1_tl_11" custom="readingOrder {index:10;}">
                <Coords points="581,4351 3106,4358 3453,4320 3457,4083 581,4219"/>
                <Baseline points="602,4316 686,4316 776,4322 865,4316 955,4316 1044,4310 1134,4310 1223,4310 1313,4310 1403,4310 1492,4310 1582,4304 1671,4304 1761,4298 1850,4298 1940,4292 2029,4292 2119,4292 2209,4292 2298,4286 2388,4286 2477,4280 2567,4280 2656,4280 2746,4280 2835,4280 2925,4280 3014,4274 3104,4268 3194,4268 3283,4268 3373,4268 3462,4262"/>
                <TextEquiv>
                    <Unicode>Wachtmeister: Hm. Immerhin bleibt es verdächtig, dass sie sich</Unicode>
                </TextEquiv>
            </TextLine>
            <TextLine id="tr_1_tl_12" custom="readingOrder {index:11;}">
                <Coords points="1067,4513 3476,4532 3480,4339 2575,4400 1071,4339"/>
                <Baseline points="1086,4495 1152,4489 1241,4489 1331,4489 1420,4483 1510,4483 1600,4483 1689,4483 1779,4483 1868,4483 1958,4483 2047,4477 2137,4471 2226,4471 2316,4471 2406,4471 2495,4471 2585,4471 2674,4465 2764,4465 2853,4465 2943,4459 3032,4459 3122,4459 3212,4453 3301,4453 3391,4453 3480,4459"/>
                <TextEquiv>
                    <Unicode>verspätet haben, (gibt sich einen Ruck, zum Fenster,</Unicode>
                </TextEquiv>
            </TextLine>
            <TextLine id="tr_1_tl_13" custom="readingOrder {index:12;}">
                <Coords points="1067,4720 1855,4705 1979,4780 2024,4739 2194,4739 2198,4550 2066,4581 2013,4539 1647,4520 1433,4588 1206,4543 1071,4581"/>
                <Baseline points="1086,4674 1128,4668 1217,4662 1307,4662 1397,4662 1486,4662 1576,4662 1665,4656 1755,4656 1844,4656 1934,4650 2023,4650 2113,4644 2203,4644"/>
                <TextEquiv>
                    <Unicode>ruft hinunterj Roberto!</Unicode>
                </TextEquiv>
            </TextLine>
            <TextLine id="tr_1_tl_14" custom="readingOrder {index:13;}">
                <Coords points="1067,4890 1500,4905 1666,4863 1893,4901 1979,4852 2330,4852 2330,4784 2164,4731 1949,4769 1855,4712 1708,4758 1610,4701 1327,4739 1074,4712"/>
                <Baseline points="1092,4865 1170,4853 1259,4853 1349,4853 1438,4853 1528,4847 1617,4841 1707,4841 1797,4841 1886,4835 1976,4835 2065,4829 2155,4829 2244,4829 2334,4818"/>
                <TextEquiv>
                    <Unicode>(unten) Herr Wachtmeister -</Unicode>
                </TextEquiv>
            </TextLine>
            <TextLine id="tr_1_tl_15" custom="readingOrder {index:14;}">
                <Coords points="592,4860 637,4886 656,4875 720,4924 829,4912 860,4939 924,4897 1022,4886 1022,4795 950,4792 912,4758 844,4758 822,4739 731,4743 694,4712 596,4750"/>
                <Baseline points="614,4859 704,4859 794,4859 883,4853 973,4859 1026,4859"/>
                <TextEquiv>
                    <Unicode>Roberto:</Unicode>
                </TextEquiv>
            </TextLine>
            <TextLine id="tr_1_tl_16" custom="readingOrder {index:15;}">
                <Coords points="1071,5101 3480,5056 3563,4814 2179,4927 1074,4893"/>
                <Baseline points="1092,5038 1152,5032 1241,5032 1331,5032 1420,5032 1510,5026 1600,5026 1689,5021 1779,5021 1868,5021 1958,5021 2047,5021 2137,5015 2226,5015 2316,5009 2406,5003 2495,4997 2585,4997 2674,4997 2764,4991 2853,4997 2943,4991 3032,4991 3122,4985 3212,4985 3301,4979 3391,4979 3480,4973 3570,4973"/>
                <TextEquiv>
                    <Unicode>(tritt eiligst herein) Ich beschwöre Sie, Herr Wæht-</Unicode>
                </TextEquiv>
            </TextLine>
            <TextLine id="tr_1_tl_17" custom="readingOrder {index:16;}">
                <Coords points="596,5154 648,5154 709,5097 799,5078 837,5101 878,5086 878,4939 860,4939 829,4909 818,4920 743,4912 728,4924 709,4912 690,4931 664,4927 599,4950"/>
                <Baseline points="620,5044 710,5038 800,5038 889,5038"/>
                <TextEquiv>
                    <Unicode>Wirt:</Unicode>
                </TextEquiv>
            </TextLine>
        </TextRegion>
    </Page>
</PcGts>
