3992 5576
1866 349 2021 508 1m
527 478 3398 755 Gasthofzimmer, anständig, aber nicht sonderlich freundlich. Die
546 736 3463 960 Wände blau-grau gemalt, etwas abgeschilfert, die Decke schmutzig-
523 903 3428 1134 weiss. Thüre rechts auf den Gang. Zwei Fenster im Hintergrund.
523 1077 3451 1316 Dazwischen kommode, über der Kommode zwei Oeldruckbilder, auf den
516 1255 3356 1453 Kommode Photographien in Rahmen und ein Carton, offen, mächtig
523 1430 3565 1661 gross, wie ein Gebetbuch. links ein Vorhang, fast geschlossen; durch
504 1623 3440 1858 einen Spalt der Erker mit den zwei Betten sichtbar. links vorn
516 1843 3421 1987 an der Wand ein Waschkasten in leidlichem Zustand. Daneben ein
512 1961 3390 2188 eiserner Ofen, weiter hinten ein alter Schrank, das beste Möbel
512 2143 3372 2404 des Zimmers. Ueber dem Waschkasten ein Spiegel. Neben der Tür
512 2321 3436 2560 ein Kleiderstock, an dem ein weicher Männerhut, ein Havelock,ein
493 2507 3512 2727 Frauenmantel, ein Shawl hängen. In der Mitte des Zimmers ein run-
504 2708 3519 2894 der Tisch, auf diesem einige zerlesene Bücher, ein gebundener Jahr-
485 2844 3482 3106 gang einer illustrierten Zeitung, brauner Lederdivan, zwei Plüsch-
482 3038 1741 3258 fauteuill, zwei Holzsessel.
497 3360 3243 3580 Elise 26 Jahre, von blassem, etwas mattgelblichen Teint, das
493 3485 3470 3732 schwarze Haar kokett, aber nicht sehr ordentlich frisiert, in hel-
482 3709 3326 3895 lem etwas abgetragenen Sommerkleid,vor dem Schrank, der offen
485 3876 3402 4058 steht; sie mustert die drin hängenden Kleidungsstücke, betastet
485 4058 3353 4263 eines und das andere, dann geht sie zur Kommode, nimmt das dort
466 4229 3243 4449 liegende kleine Gebetbuch, schlägt es auf, vergewissert sich,
474 4418 3451 4612 dass das Gesuchte noch vorhanden, geht mit den Gebetbuch zum
463 4619 3406 4744 Schrank, legt es auf den Boden des Schrankes, schüttelt den Kopf,
455 4767 3390 4961 nimmt das Gebetbuch, geht damit zur Kommode, öffnet die unterste
455 4972 3394 5177 Lade, wühlt darin, gibt das Gebetbuch hinein, nimmt es wieder he-
