4008 5592
1100 537 3367 761 so wird dir das wie der reine Bettel vorkommen!
681 719 937 930 Marie:
1081 767 3511 908 (draussen) Der Herr Kommissär lässt Sie rufen, Herr
1094 902 2986 1103 Dengler. Er ist unten in der Gaststube.
681 1078 905 1301 Marl:
1078 1055 3428 1269 Sofort, Fräulein Marie. Will mir nur den schwarzen
1087 1247 3565 1455 Rock anziehen zum Verhör. Das schickt sich doch wohl.
671 1442 934 1605 lisa:
1074 1455 3629 1612 Karl, ich beschwöre dich. Wir könnten es ja verbrennen.
1074 1608 3463 1800 Karl! Das Ganze wird ein böser Traum gewesen sein.
1074 1826 3636 1979 Du warst ja nicht bei Sinnen. Auch vor Gericht möchten
1065 1982 3482 2168 sie dich ja freisprechen. Es war ja Notwehr. Und
1081 2123 3588 2289 siehst du denn nicht, dass, daß ich ihn nie geliebt ha-
1074 2341 3492 2513 be. Ich denke ja gar nicht mehr an ihn. Nur an dich
1071 2497 3565 2673 denk ich. Es war ja nur - denk doch nur, wie du zu mir
1058 2670 3476 2836 warst all die Zeit.- Wie hab ich denn ahnen können.
1062 2875 3559 3018 Ich hab dich ja immer geliebt. Und ich werde dir eins
1065 3057 3584 3217 treue Frau sein. Auf den Knien werd ich dir mein-gan-
1046 3188 3527 3354 zes Leben lang  - - Verzeih mir, verzeich mir! Und wenn
1065 3421 3527 3597 du mir nicht verzeihen kannst, Karl, so werden wir zu-
1052 3552 3527 3735 sammen sterben. Ja,Karl? Bald. Morgen,wenn du willst.
1046 3741 3476 3920 Nur lass uns noch einmal glücklich sein. Ich hab ja
1036 3914 3082 4106 nicht geehnt - ich - auf den Knien)
566 4048 841 4307 Karl:
1055 4090 3492 4275 Du hast nichts zu tun als zu schweigen, verstehst du.
994 4307 3527 4496 Nichts anderes! Ich rate dir gut. Sonst bleibt's doch
1026 4409 3520 4672 nicht aus, dass sie dich auf eine Veile wenigstens un-
1036 4604 3492 4803 ter dem Verdacht der Mitschuld und der Hehlerei ein-
1033 4796 3604 5023 sperren. Und es wäre doch schade auch nur noch einen
1010 4972 3568 5215 Tag zu verlieren. Keine Stunde mehr, Elisa. Es gilt, die
