4088 5608
2450 306 2651 538 1 „
2829 252 3158 558 G.C.H.F.P.
1408 516 2715 717 geht ja die Saison zu Ende.
1424 726 3502 927 Wollen Sie sich nicht setzen, Fräulein Marie?
943 720 1259 886 Elisa:
1421 895 3938 1115 Ich danke. Ich komme nur herauf Ihnen das illustriert ###
940 911 1243 1115 Marie:
1405 1061 2259 1294 Blatt zu bringen.
1415 1252 3916 1437 Richtig!- Dass Sie daran denken, das ist sehr nett von
956 1249 1271 1399 Elisa:
1415 1424 1740 1638 Ihnen.
2517 1399 2673 1638 G.F.P.
1415 1577 3897 1775 Sie lesen es ja gern, eh es im Gastzimmer von den vie-
956 1622 1246 1778 Marie:
1418 1746 3910 1975 len Händen abgegriffen ist. Und vor acht wird da drun
1421 1953 2903 2154 ten doch nicht darnach gefragt.
1431 2138 3865 2285 Danke, danke. Aber Sie könnten sie auch gleich wieder
956 2135 1265 2275 Elisa:
1402 2313 3865 2520 mitnehmen. Ich bin so gar nicht aufgelegt mir Bilder
1421 2463 3900 2680 anzusehen. Und mein Mann, wer weiss, wann der nach Hau-
1418 2651 3906 2810 se kommt. Gestern war's schon ganz dunkel, als er kam.
1415 2852 3935 3005 Natürlich. Die Bahn auf den Berg hinauf soll ja im Sep
956 2823 1255 3052 Marie:
1434 3017 3954 3177 tember unbedingt fertig werden. Auch die Arbeiter sind
1421 3196 3696 3384 in den letzten Tagen immer so spät heimgekommen.
1424 3342 3910 3585 Warum sagen Sie: „auch" die Arbeiter? Karl ist doch am
937 3361 1252 3572 Elisa:
1415 3514 3929 3737 Ende auch nichts anderes als ein Arbeiter. (sie sitzt
1437 3712 3855 3954 auf einem Sessel und blättert mechanisch in der Zei-
1427 3925 1724 4113 tuns).
3626 3910 3798 4088 (ais
1431 4078 3683 4298 Er ist doch Ingenieur, denk ich. (sie steht noch)
956 4037 1249 4238 Marie:
1412 4228 3935 4448 Er hat darauf studiert. Aber er hat seine letzten Prii-
937 4273 1265 4432 Elisa:
1421 4410 3906 4614 fungen nicht gemacht. Er musste ja früher eine Stelle
1431 4607 3881 4811 annehmen. Man nennt ihn wohl: Herr Ingenieur, aber in
1405 4773 3964 4999 Wahrheit ist er ja doch nur Oberaufseher. Wenn er sein
1415 4993 3897 5174 Diplom hätte, ging es uns besser. Wir hätten auch ein
