3816 5592
902 476 3273 721 Es muss nicht schön sein sich so in der Welt herum-
416 543 724 749 Marie:
902 718 3013 886 schlagen und nirgends dauernd unterzukommen -
895 851 2499 1080 Das liegt nun einmal in dem Beruf.
429 873 737 1102 Elisa:
2689 787 3385 1067 geht das schon.
905 1064 3385 1257 Es müsste doch nicht so sein. Es gibt doch auch feste
432 1064 733 1257 Marie:
902 1235 3302 1413 Stellungen für... für Oberaufseher, die Technik stu-
902 1400 1492 1616 diert haben.
2273 1441 2521 1600 lise.
902 1578 3432 1772 Freilich gibt es, aber Karl kriegt keine, Nein. So lang
435 1584 733 1803 Elisa:
892 1746 3273 1959 ich - ich bring ihm kein Glück. Wahrhaftig, nein.
902 1911 3442 2130 Was lächeln Sie denn so bedeutungsvoll? Hätten Sie ihm
902 2111 2727 2324 am Ende schon eine Stellung verschafft?
2908 2130 3150 2305 irgene
899 2273 3366 2486 So weit ist's freilich noch nicht. Aber das darf ich
432 2296 746 2473 Marie:
902 2473 3400 2651 Ihnen wohl sagen, dass ein Verwandter van uns, ein Beam
899 2661 3385 2858 ter von der Eisenbahndirektion in Innsbruck,dem Vater
908 2832 2518 3007 versprochen hat sich zu verwenden.
902 3013 3426 3178 So, hat er versprochen. Das haben wir auch schon manch-
419 3026 743 3191 Elisa:
895 3185 2896 3359 mal erlebt, dass uns was versprochen wurde.
895 3331 3369 3572 Wir erwarten in diesen Tagen einen Brief. Es ist näm-
435 3340 737 3572 Marie:
892 3505 2931 3712 lich ein Bruder meiner verstorbenen Mutter.
908 3686 3454 3915 Und nehmen wir nun einmal den Fall, Fräulein Marie, Kaal
419 3724 743 3902 Elisa:
902 3902 3302 4096 bekäme schon so eine Stellung und müsste nicht alle
902 4070 3359 4274 Viertel- oder Halbejahr sich um was Neues umsehen und
902 4264 3331 4416 man könnte jeden Mittag was Warmes essen, um was wär
902 4410 1953 4639 man dann schon weiter?
2013 4429 2708 4664 können Sie das
895 4585 2219 4820 Ich glaube doch, Frau Elisa.
435 4604 746 4807 Marie:
902 4709 3458 4988 Ja, wenn Karl für sich allein wäre, aber mit einer Frau-
435 4804 737 5013 Elisa:
895 4975 2804 5191 und gar mit einer Frau, wie ich eine bin,
