3816 5624
815 624 3199 793 meister, seien Sie nicht voreilig. Die Beiden haben
819 746 3357 1003 gehört, dass sie verdächtigt werden und sind rasend vor
837 903 3276 1142 Wut. Und dass sie unschuldig sind ist ja jetzt zwei-
834 1098 3246 1388 fellos. Wären sie sonst da? Und wenn man sie reizt,
841 1285 2112 1557 ich stehe nicht dafür ein -
378 1491 3331 1704 Wachtmeister: Sie denken wohl, die Beiden würden sich an mir rä-
852 1686 3309 1888 chen? Und Sie meinen, derartige Bedenken könnten mich
870 1796 3353 2020 veranlassen - Ich mache Sie aufmerksam, Herr Wirt, dass
852 2020 3169 2204 ich früher Wachtmeister in einem Dragonerregiment
863 2200 1072 2387 war.
852 2288 3338 2571 Herr Wachtmeister, die Beiden denken ja nicht dran da-
404 2428 665 2630 Wirt:
859 2530 3305 2769 vonzulaufen. Sie zu arretieren wäre höchst verfehlt.
870 2758 3217 2909 (mit plötzlicher Heftigkeit) Und überhaupt, warum
404 2729 676 2953 Karl:
885 2883 3320 3089 sollen es Arbeiten und gerade Arbeiter von mir sein?
422 3059 3364 3302 Wachtmeister: Es besteht der dringende Verdacht. Der Tatort ist
878 3243 3419 3485 dreihundert Meter weit von Ihrer Strecke,Herr Oberauf-
878 3393 3210 3650 seher. Ich werde mich nicht abhalten lassen meine
881 3610 1623 3816 Pflicht zu tun.
892 3709 3324 3974 Dann wär es Ihre Pflicht alle Arbeiter einzusperren
422 3779 690 4007 Karl:
900 3977 1598 4150 und mich dazu.
903 4073 3294 4392 (von unten) He, Herr Wachtmeister! Was ist's nun ei-
426 4165 790 4392 Stimme:
892 4341 1355 4539 gentlich?
437 4521 3272 4693 Zweite Stimme: Wollen Sie uns wirklich verhaften lassen,Herr
2762 4602 3283 4771 densch schlk
1730 4653 2148 4789 was denn
918 4675 1572 4910 Wachtmeister?
444 4822 3375 5050 Erste Stimme? Weil wir um eine halbe Stunde später von der Ar-
1146 5028 1553 5197 Landstrei
