4024 5544
3280 256 3491 540 20
1750 291 2319 618 G.C.H.F.P.
744 359 964 608 (1)
1045 550 3458 818 ben. Und sie werden kommen. Verliere nur die Geduld
1045 822 3361 974 nicht. Du weisst, wenn's nach mir ginge, würdest du
1051 958 2559 1216 längst ein anderes Leben führen.
1064 1158 1944 1343 Kenn ich, kann ich.
586 1123 896 1336 Elisa:
1045 1317 3403 1514 Ich habe keine andern Worte. Es gibt keins andern.
582 1313 844 1508 Karl:
1051 1488 3516 1682 Du musst mir nur glauben. Ich w 1 1 1, dass du glück-
1038 1685 3591 1857 lich wirst. Und da ich es will - Wir sind ja noch jung
1038 1837 3461 2093 Elisa, wir haben noch viel Zeit vor uns. Und ich, ich
1051 2048 1744 2258 kann arbeiten.
1051 2190 3377 2387 Freilich kannst du arbeiten. Aber was hilft’s uns?
579 2219 893 2365 Elisa:
1045 2433 3410 2539 Die Andern bei der Bahn, die arbeitern auch, rackern
1045 2582 3500 2740 sich vielleicht noch mehr und verdienen noch weniger.
1038 2759 3384 2921 Es ist schon so auf der Welt - jämmerlich! Und das
1051 2934 3455 3119 Dümmste ist, daß du für Zwei zu sorgen hast, dass du
1051 3128 3491 3326 dich mit so einem Frauenzimmer herumschleppst...wie-
563 3261 841 3465 Karl:
1038 3267 1365 3504 Elisa!
1032 3436 3021 3620 Mit so einer, die dir's nicht einmal dankt.
556 3458 870 3601 Elisa:
1038 3613 3497 3808 Wie kannst du mir danken? Ich hab dir doch nichts zu
556 3626 822 3840 Karl:
1038 3808 3397 3982 bieten. Wofür sollst du mir danken, Elisa, die du so
2750 3931 2931 4041 leben
1029 4002 3452 4183 schön bist wie eine Prinzessin und existieren mussf
1032 4202 3439 4348 wie eine Arbeitersfrau, die in Sammt und Seide gehen
1038 4351 3487 4532 sollte und die sich mit dem abgetragenen Kleid behel¬
1022 4480 2834 4704 fen muss, du, die Perlen und Diamanten -
1013 4678 3384 4859 So hör doch auf! Du hast wieder einmal deinen Tag.
560 4700 883 4869 Elisa:
1000 4823 3604 5111 Perlen und Diamanten regnet's nicht, und auf der Strecke
