4104 5592
1941 232 2186 395 1.11.
627 261 792 458 P.
633 519 952 742 Marie:
1098 516 3526 716 Es muss nicht schön sein sich so in der Velt herum-
1104 722 3218 866 schlagen und nirgends dauernd unterzukommen -
624 837 929 1066 Elisa:
1098 869 2718 1073 Das liegt nun einmal in dem Beruf.
3402 847 3599 1050 G.H.F.P
614 1041 917 1209 Marie:
1082 1047 3571 1235 Es müsste doch nicht so sein. Es gibt doch auch feste
1085 1241 3482 1448 Stellungen für... für Oberaufseher, die Technik stu-
1088 1397 1674 1594 diert haben.
1088 1582 3619 1741 Freilich gibt es, aber Karl kriegt keine. Nein. So lang
598 1550 907 1760 Elisa:
1076 1766 3459 1964 ich - ich bring ihm kein Glück. Wahrhaftig, nein.
1082 1925 3612 2094 Was lächeln Sie denn so bedeutungsvoll? Hätten Sie ihm
1076 2135 2937 2301 am Ende schon eine Stellung verschafft?
611 2279 888 2451 Marie:
1057 2295 3533 2508 So weit ist's freilich noch nicht. Aber das darf ich
1057 2479 3568 2629 Ihnen wohl sagen, dass ein Verwandter von uns, ein Beam
1057 2629 3571 2807 ter von der Eisenbahndirektion in Innsbruck, dem Vater
1063 2832 2667 3011 versprochen hat sich zu verwenden.
586 3001 885 3160 Elisa:
1047 3011 3564 3173 So, hat er versprochen. Das haben wir auch schon manch-
1034 3138 3039 3351 mal erlebt, dass uns was versprochen wurde.
579 3329 872 3545 Marie:
1037 3377 3523 3517 Wir er warten in diesen Tagen einen Brief. Es ist näm-
1031 3507 3074 3685 lich ein Bruder meiner verstorbenen Mutter.
566 3704 882 3857 Elisa:
1047 3717 3603 3899 Und nehmen wir nun einmal den Fall, Fräulein Marie, Kaal
1028 3883 3494 4048 bekäme schon so eine Stellung und müsste nicht alle
1041 4086 3488 4245 Viertel- oder Halbejahr sich um was Neues umsehen und
1022 4255 3453 4408 man könnte jeden Mittag was Warmes essen, um was wär'
1022 4392 2069 4583 man dann schon weiter?
551 4564 859 4726 Marie:
1022 4624 2342 4764 Ich glaube doch, Frau Elisa.
531 4761 847 4997 Elisa:
1002 4742 3542 4952 Ja, wenn Karl für sich allein wäre, aber mit einer Frau-
1015 4933 2902 5175 und gar mit einer Frau, wie ich eine bin.
