<?xml version="1.0" encoding="UTF-8" standalone="yes"?>
<PcGts xmlns="http://schema.primaresearch.org/PAGE/gts/pagecontent/2013-07-15" xmlns:xsi="http://www.w3.org/2001/XMLSchema-instance" xsi:schemaLocation="http://schema.primaresearch.org/PAGE/gts/pagecontent/2013-07-15 http://schema.primaresearch.org/PAGE/gts/pagecontent/2013-07-15/pagecontent.xsd">
    <Metadata>
        <Creator>prov=READ-COOP:name=TrHtr:version=2.1.0:model_id=51170:date=15_08_2023_03:30</Creator>
        <Created>2023-05-10T14:58:29.962+02:00</Created>
        <LastChange>2023-08-15T03:30:37.369+02:00</LastChange>
        <TranskribusMetadata docId="1428696" pageId="55427701" pageNr="7" tsid="132838342" status="IN_PROGRESS" userId="64420" imgUrl="https://files.transkribus.eu/Get?id=URHVFBWRXPRFSOWZDHWWKFPR&amp;fileType=view" xmlUrl="https://files.transkribus.eu/Get?id=JIAODMBVNDPKEHZXPRNZFWKC" imageId="44701774"/>
    </Metadata>
    <Page imageFilename="1428696_0007.jpg" imageWidth="3832" imageHeight="5560">
        <ReadingOrder>
            <OrderedGroup id="ro_1711808269998" caption="Regions reading order">
                <RegionRefIndexed index="0" regionRef="tr_1"/>
                <RegionRefIndexed index="1" regionRef="tr_2"/>
            </OrderedGroup>
        </ReadingOrder>
        <TextRegion id="tr_1" custom="readingOrder {index:0;}">
            <Coords points="405,564 3412,564 3412,2581 405,2581"/>
            <TextLine id="tr_1_tl_1" custom="readingOrder {index:0;}">
                <Coords points="856,698 3228,653 3267,527 2220,549 2026,456 1719,553 853,559"/>
                <Baseline points="870,650 948,638 1038,626 1127,626 1216,626 1306,626 1395,620 1485,620 1574,620 1664,620 1753,614 1843,620 1932,620 2022,614 2111,614 2201,626 2290,638 2380,644 2469,638 2559,638 2648,638 2738,638 2827,638 2917,632 3006,632 3096,620 3185,620 3275,620"/>
                <TextEquiv>
                    <Unicode>geht ja die Saison zu Ende.</Unicode>
                </TextEquiv>
            </TextLine>
            <TextLine id="tr_1_tl_2" custom="readingOrder {index:1;}">
                <Coords points="863,860 2992,856 3234,837 3238,717 866,750"/>
                <Baseline points="882,805 918,805 1008,805 1097,805 1187,805 1276,799 1366,805 1455,799 1545,799 1634,799 1724,799 1813,799 1903,793 1992,793 2082,793 2171,787 2260,793 2350,787 2439,781 2529,781 2618,781 2708,781 2797,775 2887,775 2976,793 3066,793 3155,793 3245,793"/>
                <TextEquiv>
                    <Unicode>Wollen Sie sich nicht setzen, Fräulein Marie?</Unicode>
                </TextEquiv>
            </TextLine>
            <TextLine id="tr_1_tl_3" custom="readingOrder {index:2;}">
                <Coords points="388,840 456,853 465,843 504,872 575,840 595,856 653,843 701,853 701,740 669,730 617,746 585,730 575,737 488,688 459,704 436,691 388,698"/>
                <Baseline points="405,811 495,811 584,811 674,811 709,811"/>
                <TextEquiv>
                    <Unicode>Elisa:</Unicode>
                </TextEquiv>
            </TextLine>
            <TextLine id="tr_1_tl_4" custom="readingOrder {index:3;}">
                <Coords points="860,1047 2931,1037 3364,976 3403,863 863,895"/>
                <Baseline points="876,990 900,990 990,984 1079,984 1169,984 1258,978 1348,978 1437,978 1527,978 1616,978 1706,972 1795,972 1885,972 1974,966 2064,966 2153,966 2243,960 2332,966 2422,960 2511,960 2601,960 2690,954 2780,948 2869,948 2958,948 3048,942 3137,942 3227,942 3316,942 3406,942"/>
                <TextEquiv>
                    <Unicode>Ich danke. Ich komme nur herauf Ihnen das illustriert es</Unicode>
                </TextEquiv>
            </TextLine>
            <TextLine id="tr_1_tl_5" custom="readingOrder {index:4;}">
                <Coords points="394,1079 443,1086 465,1063 520,1066 543,1047 640,1050 659,1031 679,1044 708,1037 708,924 649,937 582,892 546,898 520,924 449,902 420,918 394,911"/>
                <Baseline points="411,990 501,984 590,984 680,984 715,990"/>
                <TextEquiv>
                    <Unicode>Marie:</Unicode>
                </TextEquiv>
            </TextLine>
            <TextLine id="tr_1_tl_6" custom="readingOrder {index:5;}">
                <Coords points="2359,1234 2449,1244 2549,1179 2630,1218 2756,1186 2831,1225 3008,1183 3280,1228 3283,1024 3205,1073 3047,998 2730,1108 2633,1031 2365,1079"/>
                <Baseline points="2380,1169 2392,1169 2481,1169 2571,1163 2660,1163 2750,1163 2839,1163 2929,1157 3018,1157 3036,1157 3108,1151 3197,1145 3287,1151"/>
                <TextEquiv>
                    <Unicode>Das könnt ich Ihnen</Unicode>
                </TextEquiv>
            </TextLine>
            <TextLine id="tr_1_tl_7" custom="readingOrder {index:6;}">
                <Coords points="847,1238 1154,1221 1234,1260 1389,1208 1651,1225 1693,1215 1696,1073 1545,1057 1322,1092 1147,1047 1024,1099 850,1050"/>
                <Baseline points="865,1163 954,1163 1043,1163 1133,1157 1222,1157 1312,1157 1401,1157 1491,1157 1580,1157 1670,1157 1700,1163"/>
                <TextEquiv>
                    <Unicode>Blatt zu bringen.</Unicode>
                </TextEquiv>
            </TextLine>
            <TextLine id="tr_1_tl_8" custom="readingOrder {index:7;}">
                <Coords points="869,1419 3247,1389 3364,1360 3367,1218 872,1247"/>
                <Baseline points="888,1342 960,1336 1049,1336 1139,1336 1228,1336 1318,1336 1407,1336 1497,1330 1586,1330 1676,1330 1765,1330 1855,1330 1944,1324 2034,1324 2123,1324 2213,1318 2302,1318 2392,1318 2481,1318 2571,1312 2660,1312 2750,1312 2839,1312 2929,1312 3018,1306 3108,1306 3197,1300 3287,1300 3376,1300"/>
                <TextEquiv>
                    <Unicode>Richtig!- Dass Sie daran denken, das ist sehr nett von</Unicode>
                </TextEquiv>
            </TextLine>
            <TextLine id="tr_1_tl_9" custom="readingOrder {index:8;}">
                <Coords points="401,1396 423,1396 456,1370 504,1393 543,1399 556,1389 572,1399 617,1373 633,1380 649,1364 704,1357 708,1283 669,1273 569,1292 485,1260 475,1267 430,1241 404,1244"/>
                <Baseline points="423,1348 513,1348 602,1342 692,1342 715,1348"/>
                <TextEquiv>
                    <Unicode>Elisa:</Unicode>
                </TextEquiv>
            </TextLine>
            <TextLine id="tr_1_tl_10" custom="readingOrder {index:9;}">
                <Coords points="863,1596 1002,1612 1034,1583 1108,1580 1137,1596 1163,1574 1296,1554 1292,1454 1234,1444 1186,1461 1128,1441 1112,1454 1082,1435 1008,1441 973,1422 921,1451 860,1448"/>
                <Baseline points="882,1527 972,1515 1061,1515 1151,1515 1240,1533 1300,1539"/>
                <TextEquiv>
                    <Unicode>Ihnen.</Unicode>
                </TextEquiv>
            </TextLine>
            <TextLine id="tr_1_tl_11" custom="readingOrder {index:10;}">
                <Coords points="2200,1564 2284,1551 2365,1580 2462,1532 2556,1580 2646,1525 2714,1548 2795,1528 2892,1561 2892,1415 2679,1467 2633,1428 2478,1399 2430,1415 2398,1386 2310,1422 2284,1402 2200,1419"/>
                <Baseline points="2219,1533 2272,1527 2362,1527 2451,1521 2541,1521 2630,1521 2720,1521 2809,1521 2899,1527"/>
                <TextEquiv>
                    <Unicode>im nächsten Jahr</Unicode>
                </TextEquiv>
            </TextLine>
            <TextLine id="tr_1_tl_12" custom="readingOrder {index:11;}">
                <Coords points="1360,1625 1470,1609 1512,1580 1625,1590 1751,1541 1780,1561 1890,1564 1890,1435 1858,1422 1784,1448 1755,1428 1693,1467 1596,1419 1519,1422 1441,1386 1360,1415"/>
                <Baseline points="1378,1533 1467,1533 1557,1533 1646,1533 1736,1533 1825,1533 1897,1533"/>
                <TextEquiv>
                    <Unicode>vornahm aus</Unicode>
                </TextEquiv>
            </TextLine>
            <TextLine id="tr_1_tl_13" custom="readingOrder {index:12;}">
                <Coords points="872,1758 3351,1687 3351,1596 3231,1567 2462,1532 2255,1619 1706,1551 1554,1625 876,1609"/>
                <Baseline points="894,1694 942,1688 1032,1688 1121,1688 1211,1688 1300,1688 1390,1688 1479,1688 1568,1688 1658,1688 1747,1682 1837,1682 1926,1676 2016,1670 2105,1670 2195,1670 2284,1670 2374,1664 2463,1664 2553,1664 2642,1664 2732,1658 2821,1658 2911,1658 3000,1658 3090,1658 3179,1652 3269,1652 3358,1652"/>
                <TextEquiv>
                    <Unicode>Sie lesen es ja gern, eh es im Gastzimmer von den vie-</Unicode>
                </TextEquiv>
            </TextLine>
            <TextLine id="tr_1_tl_14" custom="readingOrder {index:13;}">
                <Coords points="410,1709 459,1725 491,1709 514,1725 572,1713 607,1719 653,1748 714,1742 714,1629 682,1622 666,1632 637,1619 569,1632 498,1603 439,1632 410,1622"/>
                <Baseline points="429,1706 453,1700 542,1694 632,1694 721,1700"/>
                <TextEquiv>
                    <Unicode>Marie:</Unicode>
                </TextEquiv>
            </TextLine>
            <TextLine id="tr_1_tl_15" custom="readingOrder {index:14;}">
                <Coords points="863,1932 2495,1948 3018,1845 3403,1884 3406,1771 863,1780"/>
                <Baseline points="882,1873 906,1867 996,1867 1085,1867 1175,1861 1264,1861 1354,1861 1443,1861 1533,1861 1622,1861 1712,1855 1801,1855 1891,1849 1980,1849 2070,1849 2159,1849 2249,1843 2338,1843 2428,1843 2517,1837 2606,1837 2696,1837 2785,1837 2875,1837 2964,1837 3054,1831 3143,1831 3233,1825 3322,1825 3412,1831"/>
                <TextEquiv>
                    <Unicode>len Händen abgegriffen ist. Und vor acht wird da drun-</Unicode>
                </TextEquiv>
            </TextLine>
            <TextLine id="tr_1_tl_16" custom="readingOrder {index:15;}">
                <Coords points="860,2113 1900,2084 2188,2133 2349,2100 2352,1948 863,1990"/>
                <Baseline points="882,2040 930,2046 1020,2046 1109,2040 1199,2040 1288,2040 1378,2040 1467,2040 1557,2040 1646,2034 1736,2028 1825,2028 1914,2028 2004,2028 2093,2028 2183,2022 2272,2028 2362,2034"/>
                <TextEquiv>
                    <Unicode>ten doch nicht darnach gefragt.</Unicode>
                </TextEquiv>
            </TextLine>
            <TextLine id="tr_1_tl_17" custom="readingOrder {index:16;}">
                <Coords points="2743,2065 2821,2058 2869,2084 2889,2068 2928,2074 2957,2055 2992,2087 3070,2058 3070,1997 3008,1987 2982,1965 2957,1968 2924,1942 2860,1952 2792,1936 2766,1910 2747,1910"/>
                <Baseline points="2762,2046 2809,2046 2899,2046 2988,2040 3078,2040"/>
                <TextEquiv>
                    <Unicode>S.O.F.KM.</Unicode>
                </TextEquiv>
            </TextLine>
            <TextLine id="tr_1_tl_18" custom="readingOrder {index:17;}">
                <Coords points="882,2307 1987,2213 3322,2255 3325,2110 882,2158"/>
                <Baseline points="900,2219 918,2219 1008,2213 1097,2213 1187,2213 1276,2213 1366,2213 1455,2213 1545,2207 1634,2207 1724,2207 1813,2201 1903,2207 1992,2201 2082,2195 2171,2195 2260,2195 2350,2195 2439,2189 2529,2195 2618,2189 2708,2195 2797,2189 2887,2183 2976,2183 3066,2183 3155,2177 3245,2177 3334,2171"/>
                <TextEquiv>
                    <Unicode>Danke, danke. Aber Sie könnten sie auch gleich wieder</Unicode>
                </TextEquiv>
            </TextLine>
            <TextLine id="tr_1_tl_19" custom="readingOrder {index:18;}">
                <Coords points="401,2246 456,2236 511,2259 533,2242 604,2262 662,2230 714,2239 714,2155 607,2165 575,2142 536,2155 494,2139 469,2158 449,2146 401,2162"/>
                <Baseline points="417,2219 507,2225 596,2225 686,2219 721,2225"/>
                <TextEquiv>
                    <Unicode>Elisa:</Unicode>
                </TextEquiv>
            </TextLine>
            <TextLine id="tr_1_tl_20" custom="readingOrder {index:19;}">
                <Coords points="876,2446 3202,2456 3335,2433 3338,2275 879,2307"/>
                <Baseline points="894,2398 930,2398 1020,2392 1109,2392 1199,2392 1288,2392 1378,2392 1467,2392 1557,2392 1646,2386 1736,2386 1825,2380 1914,2380 2004,2380 2093,2380 2183,2374 2272,2374 2362,2374 2451,2374 2541,2374 2630,2374 2720,2368 2809,2368 2899,2368 2988,2362 3078,2362 3167,2362 3257,2356 3346,2368"/>
                <TextEquiv>
                    <Unicode>mitnehmen. Ich bin so gar nicht aufgelegt mir Bilder</Unicode>
                </TextEquiv>
            </TextLine>
            <TextLine id="tr_1_tl_21" custom="readingOrder {index:20;}">
                <Coords points="882,2653 3286,2611 3344,2456 882,2507"/>
                <Baseline points="900,2565 936,2571 1026,2565 1115,2565 1205,2565 1294,2565 1384,2565 1473,2565 1563,2565 1652,2565 1741,2559 1831,2559 1920,2559 2010,2559 2099,2553 2189,2553 2278,2547 2368,2547 2457,2553 2547,2553 2636,2547 2726,2547 2815,2541 2905,2541 2994,2541 3084,2541 3173,2541 3263,2535 3352,2535"/>
                <TextEquiv>
                    <Unicode>anzusehen. Und mein Mann, wer weiss, wann der nach Hau¬</Unicode>
                </TextEquiv>
            </TextLine>
        </TextRegion>
        <TextRegion id="tr_2" custom="readingOrder {index:1;}">
            <Coords points="423,2664 3472,2664 3472,5080 423,5080"/>
            <TextLine id="tr_2_tl_1" custom="readingOrder {index:0;}">
                <Coords points="876,2798 3180,2789 3360,2753 3364,2627 876,2698"/>
                <Baseline points="894,2750 954,2750 1043,2750 1133,2750 1222,2750 1312,2744 1401,2744 1491,2738 1580,2738 1670,2738 1759,2738 1849,2738 1938,2732 2028,2732 2117,2732 2207,2732 2296,2732 2386,2732 2475,2732 2565,2726 2654,2726 2744,2726 2833,2726 2923,2720 3012,2720 3102,2720 3191,2714 3281,2720 3370,2720"/>
                <TextEquiv>
                    <Unicode>se kommt. Gestern war's schon ganz dunkel, als er kam.</Unicode>
                </TextEquiv>
            </TextLine>
            <TextLine id="tr_2_tl_2" custom="readingOrder {index:1;}">
                <Coords points="876,2992 3403,2970 3406,2808 879,2837"/>
                <Baseline points="894,2923 906,2929 996,2923 1085,2923 1175,2923 1264,2923 1354,2923 1443,2923 1533,2917 1622,2917 1712,2917 1801,2917 1891,2917 1980,2911 2070,2911 2159,2905 2249,2905 2338,2905 2428,2905 2517,2905 2606,2905 2696,2905 2785,2899 2875,2899 2964,2899 3054,2899 3143,2893 3233,2893 3322,2893 3412,2893"/>
                <TextEquiv>
                    <Unicode>Natürlich. Die Bahn auf den Berg hinauf soll ja im Sep</Unicode>
                </TextEquiv>
            </TextLine>
            <TextLine id="tr_2_tl_3" custom="readingOrder {index:2;}">
                <Coords points="404,3008 423,3012 446,2995 465,3002 488,2986 543,3005 578,2979 614,2986 646,2963 669,2986 717,2979 721,2866 688,2863 675,2876 607,2847 565,2853 514,2818 452,2847 407,2837"/>
                <Baseline points="423,2935 459,2935 548,2929 638,2929 727,2929"/>
                <TextEquiv>
                    <Unicode>Marie:</Unicode>
                </TextEquiv>
            </TextLine>
            <TextLine id="tr_2_tl_4" custom="readingOrder {index:3;}">
                <Coords points="895,3157 3302,3141 3428,3128 3432,2970 895,3028"/>
                <Baseline points="912,3108 930,3102 1020,3102 1109,3102 1199,3096 1288,3096 1378,3096 1467,3096 1557,3096 1646,3096 1736,3096 1825,3090 1914,3090 2004,3090 2093,3090 2183,3084 2272,3084 2362,3084 2451,3084 2541,3084 2630,3078 2720,3078 2809,3078 2899,3072 2988,3072 3078,3072 3167,3066 3257,3066 3346,3072 3436,3072"/>
                <TextEquiv>
                    <Unicode>tember unbedingt fertig werden. Auch die Arbeiter sind</Unicode>
                </TextEquiv>
            </TextLine>
            <TextLine id="tr_2_tl_5" custom="readingOrder {index:4;}">
                <Coords points="895,3322 2989,3299 3147,3289 3147,3205 895,3222"/>
                <Baseline points="912,3287 918,3281 1008,3287 1097,3281 1187,3281 1276,3281 1366,3275 1455,3275 1545,3275 1634,3269 1724,3269 1813,3269 1903,3269 1992,3269 2082,3263 2171,3263 2260,3263 2350,3263 2439,3257 2529,3257 2618,3257 2708,3257 2797,3257 2887,3251 2976,3251 3066,3251 3155,3251"/>
                <TextEquiv>
                    <Unicode>in den letzten Tagen immer so spät heimgekommen.</Unicode>
                </TextEquiv>
            </TextLine>
            <TextLine id="tr_2_tl_6" custom="readingOrder {index:5;}">
                <Coords points="876,3512 3238,3512 3386,3490 3390,3348 876,3393"/>
                <Baseline points="894,3460 978,3454 1067,3454 1157,3460 1246,3454 1336,3454 1425,3454 1515,3454 1604,3454 1694,3454 1783,3448 1873,3448 1962,3448 2052,3448 2141,3448 2231,3442 2320,3442 2410,3442 2499,3436 2589,3436 2678,3436 2768,3436 2857,3436 2947,3430 3036,3430 3126,3430 3215,3430 3304,3430 3394,3430"/>
                <TextEquiv>
                    <Unicode>Warum sagen Sie: „auch“ die Arbeiter? Karl ist doch am</Unicode>
                </TextEquiv>
            </TextLine>
            <TextLine id="tr_2_tl_7" custom="readingOrder {index:6;}">
                <Coords points="417,3548 459,3548 498,3519 540,3535 569,3512 614,3506 643,3516 708,3496 708,3419 649,3419 630,3403 598,3412 488,3351 417,3344"/>
                <Baseline points="435,3466 524,3466 614,3466 703,3466 715,3466"/>
                <TextEquiv>
                    <Unicode>Elisa:</Unicode>
                </TextEquiv>
            </TextLine>
            <TextLine id="tr_2_tl_8" custom="readingOrder {index:7;}">
                <Coords points="885,3709 3399,3674 3335,3522 889,3571"/>
                <Baseline points="906,3639 990,3639 1079,3639 1169,3633 1258,3633 1348,3633 1437,3633 1527,3633 1616,3627 1706,3627 1795,3627 1885,3627 1974,3627 2064,3627 2153,3627 2243,3627 2332,3621 2422,3621 2511,3615 2601,3615 2690,3615 2780,3615 2869,3615 2958,3615 3048,3615 3137,3615 3227,3615 3316,3615 3406,3633"/>
                <TextEquiv>
                    <Unicode>Ende auch nichts anderes als ein Arbeiter. (sie sitzt</Unicode>
                </TextEquiv>
            </TextLine>
            <TextLine id="tr_2_tl_9" custom="readingOrder {index:8;}">
                <Coords points="895,3871 3015,3907 3299,3874 3302,3709 898,3748"/>
                <Baseline points="912,3818 978,3818 1067,3818 1157,3818 1246,3818 1336,3818 1425,3818 1515,3812 1604,3812 1694,3812 1783,3812 1873,3812 1962,3812 2052,3812 2141,3806 2231,3812 2320,3806 2410,3806 2499,3806 2589,3806 2678,3800 2768,3800 2857,3800 2947,3800 3036,3800 3126,3794 3215,3794 3304,3794"/>
                <TextEquiv>
                    <Unicode>auf einem Sessel und blättert mechanisch in der Zei-</Unicode>
                </TextEquiv>
            </TextLine>
            <TextLine id="tr_2_tl_10" custom="readingOrder {index:9;}">
                <Coords points="902,4039 1654,4049 1774,4023 1774,3949 1700,3926 1638,3958 1473,3913 1347,3971 1244,3926 982,3936 898,3903"/>
                <Baseline points="918,3991 1008,3996 1097,4002 1187,4008 1276,4020 1366,4020 1455,4026 1545,4020 1634,4020 1724,4014 1783,4008"/>
                <TextEquiv>
                    <Unicode>tung)</Unicode>
                </TextEquiv>
            </TextLine>
            <TextLine id="tr_2_tl_11" custom="readingOrder {index:10;}">
                <Coords points="2375,4036 2436,4065 2456,4046 2491,4062 2517,4042 2546,4068 2591,4052 2617,4068 2659,4042 2688,4058 2779,4029 2824,4039 2827,3945 2769,3916 2727,3923 2705,3900 2637,3939 2566,3897 2507,3903 2485,3926 2378,3903"/>
                <Baseline points="2392,4014 2475,4008 2565,4008 2654,4008 2744,4002 2833,4002"/>
                <TextEquiv>
                    <Unicode>Und nebst</Unicode>
                </TextEquiv>
            </TextLine>
            <TextLine id="tr_2_tl_12" custom="readingOrder {index:11;}">
                <Coords points="3118,4046 3141,4049 3160,4033 3183,4039 3199,4026 3251,4033 3260,4042 3286,4036 3286,3887 3247,3887 3218,3865 3196,3887 3167,3890 3154,3903 3144,3897 3118,3903"/>
                <Baseline points="3137,4008 3227,4008 3293,4008"/>
                <TextEquiv>
                    <Unicode>(ais</Unicode>
                </TextEquiv>
            </TextLine>
            <TextLine id="tr_2_tl_13" custom="readingOrder {index:12;}">
                <Coords points="902,4265 2498,4252 2779,4178 3115,4256 3154,4055 905,4091"/>
                <Baseline points="918,4164 1008,4170 1097,4164 1187,4170 1276,4164 1366,4164 1455,4164 1545,4164 1634,4164 1724,4158 1813,4158 1903,4158 1992,4158 2082,4158 2171,4158 2260,4152 2350,4158 2439,4158 2529,4158 2618,4158 2708,4152 2797,4152 2887,4152 2976,4152 3066,4146 3155,4164 3161,4164"/>
                <TextEquiv>
                    <Unicode>Er ist doch Ingenieur, denk ich. (sie steht noch)</Unicode>
                </TextEquiv>
            </TextLine>
            <TextLine id="tr_2_tl_14" custom="readingOrder {index:13;}">
                <Coords points="430,4214 462,4220 485,4201 604,4233 637,4210 724,4214 727,4071 653,4065 611,4104 569,4094 514,4120 488,4100 469,4113 433,4107"/>
                <Baseline points="447,4175 465,4175 554,4170 644,4170 733,4170"/>
                <TextEquiv>
                    <Unicode>Marie:</Unicode>
                </TextEquiv>
            </TextLine>
            <TextLine id="tr_2_tl_15" custom="readingOrder {index:14;}">
                <Coords points="895,4401 2756,4437 3399,4388 3403,4246 898,4291"/>
                <Baseline points="912,4348 996,4348 1085,4348 1175,4348 1264,4343 1354,4343 1443,4343 1533,4343 1622,4337 1712,4337 1801,4337 1891,4337 1980,4337 2070,4331 2159,4331 2249,4331 2338,4331 2428,4331 2517,4331 2606,4331 2696,4325 2785,4325 2875,4325 2964,4325 3054,4325 3143,4319 3233,4319 3322,4313 3412,4313"/>
                <TextEquiv>
                    <Unicode>Er hat darauf studiert. Aber er hat seine letzten Prü-</Unicode>
                </TextEquiv>
            </TextLine>
            <TextLine id="tr_2_tl_16" custom="readingOrder {index:15;}">
                <Coords points="410,4411 449,4417 478,4391 556,4369 591,4394 643,4378 701,4427 717,4427 717,4291 666,4288 624,4265 410,4301"/>
                <Baseline points="429,4354 519,4354 608,4354 697,4354 727,4354"/>
                <TextEquiv>
                    <Unicode>Elisa:</Unicode>
                </TextEquiv>
            </TextLine>
            <TextLine id="tr_2_tl_17" custom="readingOrder {index:16;}">
                <Coords points="895,4582 3138,4585 3386,4533 3386,4433 895,4459"/>
                <Baseline points="912,4527 978,4527 1067,4527 1157,4521 1246,4521 1336,4521 1425,4521 1515,4527 1604,4521 1694,4521 1783,4516 1873,4516 1962,4516 2052,4516 2141,4510 2231,4510 2320,4504 2410,4510 2499,4510 2589,4510 2678,4504 2768,4504 2857,4504 2947,4504 3036,4504 3126,4498 3215,4498 3304,4498 3394,4498"/>
                <TextEquiv>
                    <Unicode>fungen nicht gemacht. Er musste ja früher eine Stelle</Unicode>
                </TextEquiv>
            </TextLine>
            <TextLine id="tr_2_tl_18" custom="readingOrder {index:17;}">
                <Coords points="902,4789 2071,4789 2420,4708 3215,4766 3354,4740 3354,4592 902,4624"/>
                <Baseline points="918,4706 942,4706 1032,4700 1121,4700 1211,4694 1300,4694 1390,4694 1479,4694 1568,4694 1658,4694 1747,4689 1837,4689 1926,4689 2016,4689 2105,4683 2195,4683 2284,4683 2374,4683 2463,4683 2553,4683 2642,4683 2732,4683 2821,4677 2911,4677 3000,4677 3090,4677 3179,4671 3269,4671 3358,4677"/>
                <TextEquiv>
                    <Unicode>annehmen. Man nennt ihn wohl: Herr Ingenieur, aber in</Unicode>
                </TextEquiv>
            </TextLine>
            <TextLine id="tr_2_tl_19" custom="readingOrder {index:18;}">
                <Coords points="869,4976 2158,4905 3344,4970 3467,4921 3470,4747 872,4789"/>
                <Baseline points="888,4885 966,4879 1055,4873 1145,4873 1234,4873 1324,4873 1413,4873 1503,4873 1592,4873 1682,4873 1771,4873 1861,4867 1950,4867 2040,4867 2129,4862 2219,4862 2308,4862 2398,4862 2487,4862 2577,4862 2666,4856 2756,4856 2845,4856 2935,4856 3024,4856 3114,4856 3203,4850 3293,4856 3382,4856 3472,4856"/>
                <TextEquiv>
                    <Unicode>Wahrheit ist er ja doch nur Oberaufseher. Wenn er sein</Unicode>
                </TextEquiv>
            </TextLine>
            <TextLine id="tr_2_tl_20" custom="readingOrder {index:19;}">
                <Coords points="885,5144 1887,5070 3154,5144 3377,5096 3380,4966 889,4989"/>
                <Baseline points="906,5070 972,5064 1061,5064 1151,5064 1240,5064 1330,5064 1419,5058 1509,5064 1598,5064 1688,5064 1777,5058 1867,5052 1956,5052 2046,5052 2135,5052 2225,5052 2314,5046 2404,5046 2493,5046 2583,5046 2672,5040 2762,5040 2851,5040 2941,5040 3030,5040 3120,5040 3209,5040 3299,5040 3388,5040"/>
                <TextEquiv>
                    <Unicode>Diplom hätte, ging es uns besser. Wir hätten auch ein</Unicode>
                </TextEquiv>
            </TextLine>
        </TextRegion>
    </Page>
</PcGts>
