4072 5640
1446 407 2384 596 Votre très-halt.
2508 404 3244 616 Votre très-Monsieur.
954 362 1218 616 le 1e 17
981 599 3411 880 mich gern gehabt hat. Und später einmal wird er den
1039 873 3456 1059 Tag segnen, an dem ich aus seinem Leben verschwunden
1046 1052 3463 1238 bin. Gott, das fühlen Sie ja selbst. Es handelt sich
1049 1212 3557 1430 nur darum ihm über die ersten schlimmen Tage wegzuhel-
1049 1391 3486 1583 fen. Und das, um was ich Sie vor allem bitten möchte,
1055 1544 3420 1782 das ist, dabei oder wenigstens in der Nähe zu sein,
1052 1733 2560 1968 wenn - er meinen Brief empfängt.
2886 1766 3173 1922 G.H.F.P.
1062 1922 3043 2114 Ihren Brief? Was - was haben Sie denn vor?
577 1844 893 2091 Marie:
1059 2088 3560 2303 Das will ich Ihnen ganz genau sagen. Uebermorgen Frth
596 2130 893 2290 Elisa:
1055 2254 3554 2476 mit dem Zug um sechs Uhr zwanzig, wenn Karl gerade zur
1059 2420 3570 2655 Arbeit gegangen ist, reise ich ab. Finden wird er mich
1055 2645 3573 2837 nicht; ich werde gut aufgehoben sein. Für dumm dürfen
1059 2805 3551 3016 Sie mich nämlich nicht halten. Es ist alles aufs Bes-
1062 2994 1792 3199 te vorbereitet.
1055 3124 3674 3368 Nein, Sie dürfen nicht, es ist unmöglich. Denken Sie doch
590 3157 896 3342 Marie:
1059 3362 1326 3557 nur -
1062 3476 3476 3710 Er wird sich nicht umbringen. Sie sind da, Marie.
603 3538 915 3720 Elisa:
1068 3668 3446 3909 Sie werden ihn trösten. Er wird es Ihnen danken, er
1072 3857 3570 4062 wird Sie lieb haben und Sie werden seine Frau werde.
1062 4056 3424 4241 Er wird glücklich sein, Sie werden glücksich sein -
1065 4212 3583 4411 und ich und Andere auch, gar manche; denn ich, ich kann
1055 4378 3450 4626 glücklich machen, das fühl ich, dazu bin ich auf die
3046 4492 3251 4593 G.H.F.P.
1059 4593 3583 4782 Welt gekommen. Und darum taug ich nicht zur Geliebten
1075 4746 3570 4987 oder selbst zur Gattin eines Oberaufsehers oder eines
1078 4922 2186 5199 Ingenieurs - und darum
3072 5010 3261 5183 V.
2342 4984 2876 5238 n Gendarm in
