4024 5544
3256 247 3488 606 28
977 595 3514 831 Reisender, ein Millionär ein Hofratssohn. Die Bösewich-
1845 771 2541 984 men, darauf könne
2710 790 3514 992 e ruhig Gift neh¬
999 786 1856 1014 te erwürgen ihn -
1549 932 3507 1171 sie schuldig sind, haben sie die halbe Stun-
999 962 1493 1179 Erwürgen?
535 947 805 1171 Wirt:
535 1130 3477 1351 Wachtmeister: Janohl - erwürgen ihn, rauben ihm zweihundert Kro-
988 1321 3421 1501 nen und suchen das Weite. Nach allen Windrichtungen
984 1504 3507 1677 ist telegraphiert, der Bahnhof wird beobachtet und ich
969 1665 3443 1897 sollte hier die Hände in den Schoss legen, denken Sie
996 1853 1269 2066 wohl?
996 1991 3466 2242 Ein Millionär sagen Sie, Herr Wachtmeister? Und hatte
524 1980 797 2264 Wirt:
2762 2197 3514 2384 wird Ihnen nicht
996 2189 2537 2418 nur zweihundert Kronen bei sich?
1007 2339 3499 2560 Und wieso weiss man das so genau, dass ihm geræde zwei-
524 2399 786 2575 Karl:
2758 2537 3417 2732 igste Arbeiter
996 2534 2661 2732 hundert Kronen geraubt worden sind?
528 2717 3462 2885 Wachtmeister: Wieso man das weiss? durch Nachforschungen, durch
1007 2885 3417 3091 sogenannte Recherchen.Die Mutter des Ermordeten hat
996 3088 3495 3278 ausgesagt, dass sie ihm heute Morgens zwei Banknoten an
999 3282 3484 3447 hundert Kronen gab; es war sein Taschengeld,offenbar.
999 3417 3316 3619 Diese zweihundert Kronen sind aus der Brieftasche
655 3387 827 3679 1
876 3615 3372 3911 verschwunden. Kleingeld im Betrage von zwei Kronen
954 3802 3454 4042 und etlichen Hellern sind bei dem jungen Mann gefun-
999 3960 1553 4180 den worden.
996 4079 3451 4360 Nun aber mss ich doch fragen, wenn die Beiden da un-
535 4147 838 4356 Elisa:
1007 4349 3525 4513 ten verdächtigt werden, warum durchsucht man sie nicht?
524 4513 3537 4716 Wachtmeister: Frau Oberaufseherin, Sie stellen sich die Gerichts-
984 4682 3488 4880 barkeit etwas leichter vor als sie ist. Dass die bei-
988 4847 3529 5056 den Kerle die zweihundert Kronen nicht bei sich haben
