4024 5544
3206 345 3472 561 23
1013 489 2286 708 Herr Oberaufssher, Dreihund
2774 564 3364 708 weit davon, in
992 679 3439 884 Verdacht besteht, sind nämlich verschwunden. Nur dies
3055 679 3702 895 Gon. Herr Bugler
1006 852 3525 1024 ist der Grund, dass sie nicht verhaftet sind. Freilich,
1021 1028 3403 1186 wenn sie da waren, wären sie weniger verdächtig; das
995 1193 3475 1405 ist das Vertrakte. Ja, wir haben einen schweren Beruf,
2756 1290 3012 1438 G.C.F.P
995 1369 1865 1592 Herr Oberaufseher.
1006 1538 1865 1775 Wer sind die Zwei?
535 1535 805 1725 Karl:
543 1736 3346 1930 Wachtmeister: (in seinen Notizbuch lesend) Lugi Raso, heisst
1003 1883 3461 2120 der eine, der andere Bardoni, von dem sonderbarer Weiss
1006 2023 3375 2300 der Vorname nicht bekannt ist. Mit den Meldungsvor-
1006 2246 3457 2476 schriften wird es hier ja leider nicht sehr genau ge-
995 2444 1351 2641 nommen.
992 2498 3349 2807 Raso und Bardoni sind verschwunden? Wie wollen Sie
528 2605 794 2753 Karl:
1006 2713 3076 2979 das in diesem Augenblick schon konstatieren?
528 2965 3382 3112 Wachtmeister: Die andern Zehn, die auf Ihrer Strecke arbeiten,
985 3134 3378 3328 Herr Oberaufseher, sind alle daheim, die Zwei fehlen.
1006 3335 3123 3508 Und das weiss der Portier im Berghotel schon?
525 3317 794 3468 Karl:
528 3418 3364 3705 Wachtmeister: Natürlich. Ich habe sofort hinauftelephonieren
1003 3687 1348 3888 lassen.
1003 3781 3461 4043 Es ist doch erst halb sieben. Selten sind vor siehen
521 3795 841 4061 Karls
1006 4036 3400 4244 alle Arbeiter daheim. Manche ruhen sich auf dem Weg
999 4244 1211 4399 aus.
525 4287 3022 4560 Wachtmeister: Es bleibt sehr auffallend,gerade heute.
2825 4489 3026 4600 G.F.P.
3112 4410 3281 4600 P.S.
1003 4582 3396 4780 Und warum müssen es denn gerade zwei von meinen Ar-
528 4604 798 4733 Karl:
1003 4747 1624 4873 beitern sein?
1718 4808 2207 4967 in a Gras
535 4798 3425 5139 Wachtmeister: Der Mord geschah in nächster Nähe Ihrer Strecke,
