4008 5544
2051 422 2943 686 dich nicht! Ein Weg
3064 444 3273 664 G.C.F.P
1397 572 1727 679 ich nich
591 559 794 689 Karl,
1035 648 3461 768 Ich schwöre dir. Frag sie doch, ob ich nicht vor dem
568 657 867 838 Elisa:
2038 752 2372 864 es dir
1267 749 1851 870 fedes! Ich sch
1038 743 3496 981 Mittagessen mit ihr auf der Landstrasse spazieren ge-
1038 946 2302 1121 gangen bin. Frag sie doch!
1070 1105 1273 1219 lein
1038 1102 3502 1321 Und vorher? Am Morgen? Wann bist du aufgestanden? Was
556 1194 826 1330 Karl:
1029 1270 2121 1495 hast du nachher getan?
1035 1445 3515 1670 Was soll ich denn? Angekleidet hab ich mich. Dann hab
568 1524 867 1654 Elisa:
1038 1718 3521 1826 ich genäht, das Kleid da hab ich ausgebessert, den Saum
1032 1845 3391 2026 da, siehst du. Eine Weile war ich auch unten in der
1032 1972 3581 2191 Wirtsstube, habe Zeitungen gelesen. Dann bin ich spazte-
1029 2153 3442 2356 ren gegangen mit Marie - frag sie doch. zuerst eine
1035 2337 3508 2527 Weile allein hin und her und dann mit ihr, bin ihr be-
1022 2569 3308 2734 gegnet hundert Schritt weit vom Ort. Was kümmert
1038 2677 3372 2892 dich all das? Was willst du denn? Lass mich! Lass
1022 2889 3496 3089 meine Hände! Und was rollst du die Augen? Du bist ja
610 3019 768 3194 G.C.P.
1035 3042 1302 3245 toll!
1038 3197 2019 3410 Du hast ihn gekannt!
556 3312 854 3429 Karl,%
1038 3381 3543 3626 Den sie umgebracht haben? Ich weiss nicht. Vielleicht
527 3394 822 3683 S.
1038 3594 3550 3861 Nab ich ihn einmal gesehen. Wie kann ich das denn wis-
2711 3753 2931 3858 G:C:H:D
1045 3851 3458 3950 sen? Wie lange hat er sich denn in der Gegend aufge-
2784 3927 2937 4029 de S.
3016 3912 3331 4029 das Gel
1022 3943 3404 4140 halten? Weisst du's? Manche, die oben auf dem Berg
3213 4099 3410 4210 G.N. N.P.
1038 4178 3378 4302 wohnen, kommen ein oder das andere Mal herunter ins
2854 4286 3264 4385 geschenkt.
1022 4350 3423 4477 Dorf. Vielleicht hab ich ihn gesehen, schon möglich.
2934 4458 3188 4559 er werde
1035 4461 3461 4664 Wenn ich ihn wi edersehe, würde ich Ihn vielleicht er-
1619 4636 3045 4740 ein, nein, nen! Geschenkt! Er hat
1029 4670 3480 4851 kanen, vielleicht auch nicht. Was weiss ich? Du bist
1883 4810 3451 4947 fort kann. Mit ihn hab ich auf und
1216 4829 1473 4928 hen, d
1029 4915 1448 5048 ja toll!
