4072 5576
3313 260 3504 527 12
1031 476 3444 717 Das ist ja furchtbar. So was ist in der Gegend noch
581 571 885 749 Marie:
1025 714 1819 927 nie vorgekommen.
1044 870 3428 1073 Oh doch. Aber das ist schon lange her. Da warst du
559 949 838 1085 Wirt:
1022 1066 3545 1244 noch nicht auf der Welt, Marie. Und Sie auch nicht, Frau
1031 1216 3501 1415 Dengler.Ich war noch ein Bub, da hat hier einer seine
1031 1412 3482 1600 Frau umgebracht, aus Eifersucht. Aber ein Raubmord, so
1044 1565 3152 1768 was ist seit Menschengedenken nicht passiert.
1035 1755 3050 1952 Ein Professor sagen Sie? -ein älterer Herr?
555 1796 873 1999 Elisa:
1031 1949 1574 2171 Jedenfalls.
562 1990 832 2152 Wirt:
1044 2104 2806 2330 Und hat man eine Spur von dem Mörder?
562 2114 876 2330 Marie:
1035 2263 3574 2514 Es scheint nicht. Was die Leute da unten reden, das hat
571 2380 841 2533 wirt:
1038 2488 3444 2669 natürlich gar keine Bedeutung. Die wissen ja selber
1038 2669 1377 2869 nichts.
1031 2799 1958 3031 Was reden Sie denn?
562 2856 863 3018 Elisa:
1038 2977 3513 3205 Sie können sich’s ja denken. Bahnbau, italienische Ar-
568 3082 828 3263 Wirt:
1028 3202 3497 3412 beiter. Ich hab sie aber gewarnt, dass sie nicht viel-
1022 3374 3567 3558 leicht ohne Beweise - es könnt ihnen übel ergehen. Ns,
1031 3507 3418 3726 ich muss wieder hinunter. Guten Abend, Frau Bengler,
1031 3682 3517 3920 Also, Sie kommen nur herauf, um einem eine so gruselige
562 3761 863 3904 Elisa:
1025 3904 2142 4100 Geschichte zu erzählen?
1038 4002 3542 4246 Ich wollt, es wär was Lustigeres gewesen; aber bei sich
562 4056 822 4281 Wirt:
1025 4227 2958 4443 behalten kann man's doch wohl auch nicht.
1403 4412 1625 4535 hier
1025 4402 3497 4615 Na, Ihnen wird ja die Sache weiter nicht schaden, höch-
555 4497 870 4624 Elisa:
1031 4592 2038 4818 stens dem Hotel oben.
1031 4748 3444 4995 mögl ich obwohl es recht dumm wäre. Denn so ein Fall
527 4818 828 5018 Wirt:
