3800 5624
3119 327 3290 539 29
528 383 810 558 1/1 / 1
1937 390 2141 628 G. A. 7
2242 309 2520 610 11
803 576 3190 848 und zwar umso weniger, je mehr sie den armen jungen
818 721 3283 985 Mann ermordet haben, darauf können Sie ruhig Gift neh-
807 978 3297 1145 men. Wenn sie schuldig sind, haben sie die halbe Stun-
822 1134 3190 1364 de benützt, um das Geld zu vergraben. Und in dieser
822 1320 2546 1554 Richtung wird auch die Untersuchung -
844 1491 1981 1732 (Töff-löff eines Autos)
368 1673 2078 1881 Stimme von unten: Herr Wachtmeister!
833 1807 2766 2078 (am Fenster) Das ist der Herr Kommissär.
368 1859 628 2067 Wirt:
368 1996 3364 2230 Wachtmeister: (mit einem Ruck) Der Kommissär! Herr Oberaufseher,
829 2149 3327 2383 halten Sie sich bereit. Eine Aussage wird Ihnen nicht
844 2346 3268 2591 erspart bleiben. Ihre Verantwortung ist gross. Scho-
836 2513 3231 2766 nen Sie keinen, es kann einer der tüchtigste Arbeiter
844 2710 3286 2900 sein und doch ein fürchterliches Verbrechen begehen.
840 2911 3279 3123 (er spricht das folgende Wort deutsch aus) Moral in-
840 3097 3316 3268 sanity. Bedenken Sie das. (ab.Der Wirt folgt ihm mit
855 3286 1178 3476 Mariel
855 3442 2625 3651 (hat Elisa die ganze Zeit beobachtet)
383 3472 639 3639 Karl:
851 3628 1461 3822 Karl.-Elisa.
844 3788 1197 4019 Elisa!
390 3810 662 3963 Karl:
1465 3848 2275 3996 mich das Berghots
1253 3855 1424 3996 G.H.F.P.
851 3993 1554 4175 Was willst du?
398 4004 695 4175 Elisa:
848 4108 2257 4372 Warum bist du blass geworden?
398 4193 665 4379 Karl;
862 4331 3231 4543 Ich bin nicht - Bin ich denn blass geworden? (sie
401 4331 695 4543 Elisa:
862 4509 2286 4699 lacht und berührt ihre Wange).
848 4643 3234 4844 Elisa! Du sinkst ja hin. Nie hab ich dich so - Was
401 4628 665 4874 Karl:
870 4859 1539 5097 ist dir, Elisa?
