4056 5608
3251 291 3433 521 35
1006 457 3507 744 Du sollst alles hören, Elisa. Alles! Wir wollen wahrhar¬
559 559 814 779 Karl:
1032 715 3494 888 tig kein Geheimnis mehr vor einander haben. Die Sache
1009 850 3497 1083 war nämlich so. Sein Rock ist neben ihm gelegen. Ver-
1022 1022 3539 1217 stehst du? Und da hat die Brieftasche hervorgeschaut.
1025 1194 3545 1428 Das war das Unglück. Ja, die Brieftasche. So eine brau-
1038 1415 3545 1600 ne, du kennst sie ja. Mit Silbereckchen. Da hab ich mir
1022 1571 3545 1817 gedacht, so bequem wirst du's wohl in deinem Leben nim-
1032 1744 3475 1932 mer haben. Und dass vor mir schon wer anderer da war
1035 1894 3504 2165 und es noch bequemer gehabt hat, das hab ich nicht ge-
1032 2146 3421 2296 wusst. Und ich bleibe noch eine Weile stehen und er
1041 2271 3392 2494 schläft weiter, atmet tief und ruhig und träumt...
1044 2462 3535 2638 wahrscheinlich süss. Und endlich beug ich mich nieder
1067 2641 3449 2839 und leise, ganz leise taste ich mich hin und hab sie
1060 2833 3532 2996 schon in den Fingern, die braune Tasche mit den Silber
1060 3002 3593 3181 eckchen, da, mit einem Mal rührt er sich. Ich will schon
1060 3146 3462 3363 davon, da reisst er weit die Augen auf, und im selben
1060 3328 3545 3532 Augenblick mit der Hand in den Sack nach dem Revolver
1067 3516 3424 3714 und springt auf und ohne ein Wort zu sagen legt er
1079 3682 3532 3877 auf mich an. Da stürz ich mich auf ihn, er drückt los,
1067 3887 3491 4046 der Schuss versagt, ich pack ihn beim Arm mit der an-
1073 4037 3491 4229 dern Hand beim Hals und er fällt nieder, ich auf ihn
1083 4267 3657 4462 und er stösst mit den Knieen und wehrt sich und pfaucht
1079 4433 3491 4599 und ich hab's gewusst, wenn er sich los macht, so ist
1092 4557 3606 4784 es aus mit mir und wenn ich ihn frei lasse, ist es aus,
1079 4743 3625 4985 und da halte ich ihn fest und halte so lange,und halte
1086 4928 3593 5152 und presse so lange - - bis ihm der Revolver aus der
