4040 5560
1024 512 2833 691 beit heimgekommen sind als die Andern?
1185 662 2889 781 sender, ein Millionär, eine Hofratssohn.
568 762 2818 916 Zweite Stimme: Hüten Sie sich, Herr Wachtmeister!
1267 860 1719 979 erwürgen ihn
568 916 3461 1088 Wachtmeister: (zum Fenster) Oh, guten Abend. Herr Raso und Herr
1024 1084 3409 1226 Bardoni, nicht wahr? Wer spricht dann von verhaften?
1794 1196 3293 1312 ürgen ihn, rauben ihm zweihundert
1017 1282 3450 1420 Ich komme gleich herunter, wir wollen uns nur ein we-
1484 1394 1891 1521 schen das
1024 1473 1809 1592 nig unterhalten.
2044 1529 2414 1686 Bahnhof
553 1633 1809 1790 Erste Stimme: Unterhalten?
2986 1686 3457 1835 danken Sie
557 1734 3487 1985 Zweite Stimme: Mit einem solchen Schafskopf unterhalten wir uns
1024 1914 1338 2112 nicht.
557 2074 3562 2295 Wachtmeister: Ihr seid verhaftet! (Lärm unten) Ruhe! Wegen Wache.
1024 2295 3498 2459 beleidigung. Vorläufig wegen Wachebeleödigung. Robert-
1024 2448 2560 2650 to, tu deine Pflicht! (Lärm unten)
1017 2706 2067 2840 Oh, Herr Wachtmeister -
557 2698 819 2826 Wirt:
553 2885 3409 3009 Wachtmeister: Soll ich sie etwa entwischen lassen? Jedes Jahr
1745 2968 1988 3083 G.C.H.F.P.
1024 3042 3416 3184 sitzen Hunderte auf einen Verdacht hin durch Monate
1024 3166 3461 3341 im Gefängnis. Dann lässt man sie eben frei. Und wenn
3098 3311 3424 3427 offenba
2639 3315 3031 3431 Gechengeld
1024 3409 3360 3521 die Beiden sich zu rechtfertigen vermögen, so werde
3057 3498 3319 3610 t'asche
1566 3506 1730 3614 G.H.F.P.
1024 3584 3453 3726 ich keinen Anstand nehmen, sie ohneweiters zu entlas-
3166 3666 3367 3782 or
1757 3678 1944 3801 .A.S.
1013 3760 3379 3913 sen. Aber ich kann es doch nichtirkieren vor dem
2949 3846 3405 3962 Mann gefun
1005 3939 3521 4104 Herrn Kommissär mit leeren Händen zu stehen. Bedenken
1013 4093 3315 4231 Sie doch! Ein Mord ist geschehen, ein grauenhafter
2407 4216 2650 4343 wenn
1020 4235 1921 4444 Mord, ein Raubmord -
1005 4481 1667 4608 Ein Raubmord?
553 4451 811 4612 Karl:
2373 4478 3528 4672 stellen sich die Gerichts-
1854 4481 2190 4683 G.M. in, S
557 4563 3472 4806 Wachtmeister: Nun freilich, was denn? Ein junger Mensch schläft
2104 4728 3468 4840 vor als sie ist, Dass die bei
1017 4803 3558 4948 im Walde, ein vornehmer junger Mensch, nicht etwa irgend
1865 4922 3510 5076 hundert Kronen nicht bei sich haben
1024 4926 3386 5132 ein Landstreicher, nachdem kein Hahn kräht, nein, ein
