3800 5656
3094 251 3258 464 16
783 551 3229 899 mich gern gehabt hat. Und später einmal wird er den
828 825 3239 1057 Tag segnen, an dem ich aus seinem Leben verschwunden
844 938 3252 1221 bin. Gott, das fühlen Sie ja selbst. Es handelt sich
844 1154 3345 1386 nur darum ihm über die ersten schlimmen Tage wegzuhel-
841 1347 3274 1527 fen. Und das, um was ich Sie vor allem bitten möchte,
860 1527 3229 1756 das ist, dabei oder wenigstens in der Nähe zu sein,
857 1698 2939 1930 wenn - er meinen Brief empfängt.
870 1921 2862 2108 Ihren Brief? Was - was haben Sie denn vor?
393 1908 693 2085 Marie:
854 2072 3326 2262 Das will ich Ihnen ganz genau sagen. Uebermorgen Früh
393 2117 683 2285 Elisa:
851 2214 3326 2433 mit dem Zug um sechs Uhr zwanzig, wenn Karl gerade zur
860 2410 3355 2607 Arbeit gegangen ist,reise ich ab. Finden wird er mich
867 2601 3355 2787 nicht; ich werde gut aufgehoben sein. Für dumm dürfen
867 2771 3339 2997 Sie mich nämlich nicht halten. Es ist alles aufs Bes-
883 2974 1627 3158 te vorbereitet.
867 3135 3451 3300 Nein, Sie dürfen nicht, es ist unmöglich. Denken Sie doch
409 3142 751 3322 Marie:
864 3348 1128 3509 nur -
867 3409 3255 3674 Er wird sich nicht umbringen. Sie sind da, Marie,
412 3493 719 3696 Elisa:
877 3651 3232 3848 Sie werden ihn trösten. Er wird es Ihnen danken, er
873 3822 3364 4025 wird Sie lieb haben und Sie werden seine Frau werken.
883 4018 3255 4199 Er wird glücklich sein,Sie werden glücksich sein -
883 4151 3374 4434 und ich und Andere auch, gar manche; denn ich, ich kann
873 4370 3245 4560 glücklich machen, das fühl ich, dazu bin ich auf die
886 4547 3390 4769 Welt gekommen. Und darum taug ich nicht zur Geliebten
889 4750 3387 4940 oder selbst zur Gattin eines Oberaufsehers oder eines
906 4905 3023 5153 Ingenieurs - und darum - ein Gendarm im Hofe.
