<?xml version="1.0" encoding="UTF-8" standalone="yes"?>
<PcGts xmlns="http://schema.primaresearch.org/PAGE/gts/pagecontent/2013-07-15" xmlns:xsi="http://www.w3.org/2001/XMLSchema-instance" xsi:schemaLocation="http://schema.primaresearch.org/PAGE/gts/pagecontent/2013-07-15 http://schema.primaresearch.org/PAGE/gts/pagecontent/2013-07-15/pagecontent.xsd">
    <Metadata>
        <Creator>prov=READ-COOP:name=TrHtr:version=2.1.0:model_id=51170:date=15_08_2023_03:30</Creator>
        <Created>2023-05-10T14:58:35.740+02:00</Created>
        <LastChange>2023-08-15T03:30:50.701+02:00</LastChange>
        <TranskribusMetadata docId="1428696" pageId="55427994" pageNr="49" tsid="132838384" status="IN_PROGRESS" userId="64420" imgUrl="https://files.transkribus.eu/Get?id=TEULEENPXXPHWVVYKYFBWLVK&amp;fileType=view" xmlUrl="https://files.transkribus.eu/Get?id=CKJEFQXPPKQTOIQIJBRGODZX" imageId="44702067"/>
    </Metadata>
    <Page imageFilename="1428696_0049.jpg" imageWidth="4040" imageHeight="5576">
        <ReadingOrder>
            <OrderedGroup id="ro_1711808391050" caption="Regions reading order">
                <RegionRefIndexed index="0" regionRef="tr_1"/>
                <RegionRefIndexed index="1" regionRef="tr_2"/>
            </OrderedGroup>
        </ReadingOrder>
        <TextRegion id="tr_1" custom="readingOrder {index:0;}">
            <Coords points="555,588 3564,588 3564,3138 555,3138"/>
            <TextLine id="tr_1_tl_1" custom="readingOrder {index:0;}">
                <Coords points="1015,708 3430,682 3430,525 2492,544 2011,413 1412,544 1287,464 1015,519"/>
                <Baseline points="1032,662 1110,656 1199,656 1289,656 1379,656 1468,656 1558,656 1647,656 1737,656 1826,656 1916,656 2005,650 2095,650 2185,650 2274,650 2364,650 2453,650 2543,644 2632,644 2722,644 2811,644 2901,644 2990,638 3080,638 3170,638 3259,638 3349,638 3438,638"/>
                <TextEquiv>
                    <Unicode>sein Geld bekommen, und wenn sich's einmal verspätet</Unicode>
                </TextEquiv>
            </TextLine>
            <TextLine id="tr_1_tl_2" custom="readingOrder {index:1;}">
                <Coords points="1009,852 3488,855 3488,743 3097,765 2921,679 1009,733"/>
                <Baseline points="1026,829 1074,835 1164,835 1253,829 1343,835 1432,829 1522,829 1611,829 1701,829 1791,829 1880,829 1970,829 2059,829 2149,829 2238,823 2328,823 2417,823 2507,817 2596,823 2686,817 2776,817 2865,817 2955,817 3044,817 3134,817 3223,817 3313,811 3402,817 3492,811"/>
                <TextEquiv>
                    <Unicode>hat, so sind Sie nie gemahnt worden, so viel ich weiss.</Unicode>
                </TextEquiv>
            </TextLine>
            <TextLine id="tr_1_tl_3" custom="readingOrder {index:2;}">
                <Coords points="1009,1054 3407,1050 3407,929 3087,890 2722,951 1009,855"/>
                <Baseline points="1026,1026 1086,1008 1176,1020 1265,1014 1355,1014 1444,1014 1534,1008 1623,1008 1713,1014 1802,1014 1892,1014 1982,1014 2071,1014 2161,1002 2250,1002 2340,1002 2429,1002 2519,1002 2608,1002 2698,1002 2788,996 2877,996 2967,996 3056,996 3146,996 3235,996 3325,996 3414,1002"/>
                <TextEquiv>
                    <Unicode>(an der Kommode gelehnt) Das hat seine Richtigkeit,</Unicode>
                </TextEquiv>
            </TextLine>
            <TextLine id="tr_1_tl_4" custom="readingOrder {index:3;}">
                <Coords points="544,1028 624,1041 653,1060 698,1050 743,1079 791,1041 861,1044 861,874 794,884 730,868 653,893 615,871 596,887 580,877 544,893"/>
                <Baseline points="561,1014 650,1014 740,1014 829,1014 865,1020"/>
                <TextEquiv>
                    <Unicode>Elisa:</Unicode>
                </TextEquiv>
            </TextLine>
            <TextLine id="tr_1_tl_5" custom="readingOrder {index:4;}">
                <Coords points="1009,1217 3555,1220 3555,1073 3356,1044 1009,1054"/>
                <Baseline points="1026,1182 1056,1188 1146,1182 1235,1188 1325,1182 1414,1182 1504,1182 1593,1182 1683,1182 1773,1182 1862,1182 1952,1182 2041,1182 2131,1176 2220,1176 2310,1176 2399,1176 2489,1176 2579,1176 2668,1176 2758,1176 2847,1170 2937,1170 3026,1170 3116,1170 3205,1170 3295,1170 3385,1176 3474,1170 3564,1176"/>
                <TextEquiv>
                    <Unicode>Fräulein Marie. Wir können uns wirklich nicht beklagen.</Unicode>
                </TextEquiv>
            </TextLine>
            <TextLine id="tr_1_tl_6" custom="readingOrder {index:5;}">
                <Coords points="996,1419 3366,1393 3388,1249 996,1255"/>
                <Baseline points="1014,1361 1104,1367 1194,1361 1283,1367 1373,1361 1462,1361 1552,1361 1641,1367 1731,1361 1820,1361 1910,1361 1999,1355 2089,1355 2179,1355 2268,1355 2358,1355 2447,1355 2537,1355 2626,1355 2716,1355 2805,1355 2895,1355 2985,1355 3074,1355 3164,1355 3253,1349 3343,1355 3396,1361"/>
                <TextEquiv>
                    <Unicode>Nie sind wir gemahnt worden. Und ich glaube beinah,</Unicode>
                </TextEquiv>
            </TextLine>
            <TextLine id="tr_1_tl_7" custom="readingOrder {index:6;}">
                <Coords points="1009,1572 3391,1598 3391,1464 3247,1419 2104,1480 1986,1416 1867,1486 1271,1390 1009,1460"/>
                <Baseline points="1026,1534 1116,1540 1205,1540 1295,1540 1385,1540 1474,1540 1564,1540 1653,1540 1743,1540 1832,1534 1922,1534 2011,1534 2101,1534 2190,1534 2280,1534 2370,1534 2459,1534 2549,1528 2638,1528 2728,1528 2817,1528 2907,1528 2996,1528 3086,1528 3176,1528 3265,1528 3355,1534 3396,1540"/>
                <TextEquiv>
                    <Unicode>Fräulein Marie, Sie hätten nicht einmal was dagegen,</Unicode>
                </TextEquiv>
            </TextLine>
            <TextLine id="tr_1_tl_8" custom="readingOrder {index:7;}">
                <Coords points="1015,1745 2917,1777 3311,1749 3379,1601 1018,1576"/>
                <Baseline points="1032,1719 1056,1719 1146,1719 1235,1719 1325,1719 1414,1725 1504,1719 1593,1719 1683,1719 1773,1719 1862,1713 1952,1713 2041,1713 2131,1713 2220,1713 2310,1719 2399,1713 2489,1707 2579,1707 2668,1707 2758,1707 2847,1707 2937,1707 3026,1707 3116,1701 3205,1701 3295,1701 3385,1707"/>
                <TextEquiv>
                    <Unicode>wenn wir ganz ohne Bezahlung hier bei Ihnen wohnen</Unicode>
                </TextEquiv>
            </TextLine>
            <TextLine id="tr_1_tl_9" custom="readingOrder {index:8;}">
                <Coords points="1009,1915 1230,1934 1252,1912 1281,1938 1303,1925 1332,1947 1364,1941 1422,1922 1422,1822 1332,1813 1268,1774 1166,1803 1086,1774 1006,1787"/>
                <Baseline points="1026,1886 1116,1892 1205,1892 1295,1892 1385,1898 1426,1892"/>
                <TextEquiv>
                    <Unicode>blieben.</Unicode>
                </TextEquiv>
            </TextLine>
            <TextLine id="tr_1_tl_10" custom="readingOrder {index:9;}">
                <Coords points="1031,2136 3472,2094 3472,1970 3382,1947 3209,2008 1031,1922"/>
                <Baseline points="1050,2071 1140,2077 1229,2071 1319,2071 1408,2071 1498,2071 1588,2071 1677,2071 1767,2071 1856,2071 1946,2071 2035,2071 2125,2071 2214,2071 2304,2065 2393,2065 2483,2059 2573,2059 2662,2065 2752,2065 2841,2065 2931,2059 3020,2059 3110,2059 3199,2059 3289,2059 3379,2059 3468,2071 3480,2071"/>
                <TextEquiv>
                    <Unicode>(als verstunde sie nicht) Wissen Sie denn auch schon</Unicode>
                </TextEquiv>
            </TextLine>
            <TextLine id="tr_1_tl_11" custom="readingOrder {index:10;}">
                <Coords points="544,2110 586,2107 618,2130 657,2120 692,2133 749,2094 778,2120 801,2114 845,2098 845,2008 788,2011 762,1989 717,1976 679,2005 628,2011 605,1992 544,2014"/>
                <Baseline points="561,2077 650,2077 740,2077 829,2077 853,2083"/>
                <TextEquiv>
                    <Unicode>Marie:</Unicode>
                </TextEquiv>
            </TextLine>
            <TextLine id="tr_1_tl_12" custom="readingOrder {index:11;}">
                <Coords points="1015,2277 2248,2277 2456,2344 2527,2277 2773,2290 2773,2133 1015,2142"/>
                <Baseline points="1032,2244 1080,2250 1170,2250 1259,2250 1349,2250 1438,2250 1528,2244 1617,2250 1707,2244 1796,2244 1886,2244 1976,2244 2065,2244 2155,2238 2244,2238 2334,2238 2423,2238 2513,2238 2602,2238 2692,2232 2782,2238"/>
                <TextEquiv>
                    <Unicode>wohin Sie von hier aus reisen werden?</Unicode>
                </TextEquiv>
            </TextLine>
            <TextLine id="tr_1_tl_13" custom="readingOrder {index:12;}">
                <Coords points="541,2450 605,2453 692,2504 759,2495 813,2463 849,2466 842,2242 769,2261 692,2309 631,2287 618,2299 596,2280 576,2299 535,2290"/>
                <Baseline points="555,2423 644,2429 734,2429 823,2429 853,2435"/>
                <TextEquiv>
                    <Unicode>Elisa:</Unicode>
                </TextEquiv>
            </TextLine>
            <TextLine id="tr_1_tl_14" custom="readingOrder {index:13;}">
                <Coords points="1015,2450 1095,2476 1316,2453 1396,2498 1499,2466 1585,2498 1950,2476 1950,2328 1918,2319 1601,2296 1560,2325 1383,2341 1319,2306 1188,2335 1015,2277"/>
                <Baseline points="1032,2435 1062,2435 1152,2429 1241,2429 1331,2423 1420,2423 1510,2429 1599,2435 1689,2429 1779,2429 1868,2429 1958,2429"/>
                <TextEquiv>
                    <Unicode>(zuckt die Achseln)</Unicode>
                </TextEquiv>
            </TextLine>
            <TextLine id="tr_1_tl_15" custom="readingOrder {index:14;}">
                <Coords points="1015,2655 3455,2610 3455,2511 3235,2479 1015,2472"/>
                <Baseline points="1032,2602 1044,2602 1134,2602 1223,2602 1313,2602 1402,2602 1492,2602 1582,2602 1671,2602 1761,2596 1850,2596 1940,2602 2029,2596 2119,2596 2208,2596 2298,2596 2388,2596 2477,2590 2567,2590 2656,2590 2746,2590 2835,2596 2925,2590 3014,2590 3104,2590 3193,2585 3283,2585 3373,2585 3462,2590"/>
                <TextEquiv>
                    <Unicode>Sie müssen meine Frage nicht für zudringlich halten.</Unicode>
                </TextEquiv>
            </TextLine>
            <TextLine id="tr_1_tl_16" custom="readingOrder {index:15;}">
                <Coords points="544,2687 631,2658 663,2664 682,2648 749,2684 785,2684 817,2652 845,2648 842,2543 820,2536 791,2549 762,2524 730,2533 698,2517 650,2530 605,2498 541,2504"/>
                <Baseline points="561,2602 650,2602 740,2602 829,2602 853,2608"/>
                <TextEquiv>
                    <Unicode>Marie:</Unicode>
                </TextEquiv>
            </TextLine>
            <TextLine id="tr_1_tl_17" custom="readingOrder {index:16;}">
                <Coords points="996,2857 3507,2802 3433,2680 996,2690"/>
                <Baseline points="1014,2770 1092,2776 1182,2776 1271,2776 1361,2776 1450,2776 1540,2776 1629,2776 1719,2776 1808,2770 1898,2770 1988,2770 2077,2770 2167,2770 2256,2770 2346,2770 2435,2764 2525,2764 2614,2764 2704,2764 2793,2764 2883,2764 2973,2764 3062,2764 3152,2764 3241,2764 3331,2764 3420,2758 3510,2764"/>
                <TextEquiv>
                    <Unicode>Es ist nur - ich darf es wohl schon sagen - weil mein</Unicode>
                </TextEquiv>
            </TextLine>
            <TextLine id="tr_1_tl_18" custom="readingOrder {index:17;}">
                <Coords points="1012,2959 1886,3026 2933,2950 3161,3049 3337,3020 3286,2869 1015,2847"/>
                <Baseline points="1032,2943 1110,2949 1199,2949 1289,2955 1379,2949 1468,2955 1558,2955 1647,2949 1737,2955 1826,2955 1916,2955 2005,2949 2095,2949 2185,2949 2274,2949 2364,2949 2453,2949 2543,2949 2632,2949 2722,2949 2811,2943 2901,2943 2990,2943 3080,2943 3170,2937 3259,2937 3349,2931"/>
                <TextEquiv>
                    <Unicode>Vater Ihrem Mann einen Vorschlag zu machen hätte -</Unicode>
                </TextEquiv>
            </TextLine>
            <TextLine id="tr_1_tl_19" custom="readingOrder {index:18;}">
                <Coords points="1009,3148 1204,3186 1291,3148 1355,3151 1380,3177 1476,3174 1505,3196 1544,3186 1544,2994 1348,3042 1207,3014 1127,3042 1009,3014"/>
                <Baseline points="1026,3122 1116,3128 1205,3128 1295,3128 1385,3128 1474,3128 1552,3128"/>
                <TextEquiv>
                    <Unicode>vielleicht.</Unicode>
                </TextEquiv>
            </TextLine>
        </TextRegion>
        <TextRegion id="tr_2" custom="readingOrder {index:1;}">
            <Coords points="543,3239 3599,3239 3599,5084 543,5084"/>
            <TextLine id="tr_2_tl_1" custom="readingOrder {index:0;}">
                <Coords points="1002,3331 3369,3321 3369,3209 1512,3222 1002,3145"/>
                <Baseline points="1020,3307 1044,3313 1134,3307 1223,3307 1313,3307 1402,3307 1492,3307 1582,3307 1671,3307 1761,3307 1850,3307 1940,3307 2029,3301 2119,3307 2208,3301 2298,3301 2388,3301 2477,3301 2567,3301 2656,3301 2746,3301 2835,3301 2925,3301 3014,3301 3104,3295 3193,3295 3283,3295 3373,3289"/>
                <TextEquiv>
                    <Unicode>Einen Vorschlag? Meinem Mann -? Soll er vielleicht</Unicode>
                </TextEquiv>
            </TextLine>
            <TextLine id="tr_2_tl_2" custom="readingOrder {index:1;}">
                <Coords points="532,3318 647,3359 673,3350 695,3369 740,3347 839,3369 839,3180 807,3177 778,3199 759,3180 746,3193 698,3193 666,3219 628,3202 532,3228"/>
                <Baseline points="549,3313 638,3313 728,3313 817,3313 847,3319"/>
                <TextEquiv>
                    <Unicode>Elisa:</Unicode>
                </TextEquiv>
            </TextLine>
            <TextLine id="tr_2_tl_3" custom="readingOrder {index:2;}">
                <Coords points="1002,3539 2911,3545 3225,3478 3145,3359 1002,3379"/>
                <Baseline points="1020,3486 1080,3486 1170,3486 1259,3480 1349,3480 1438,3480 1528,3480 1617,3480 1707,3480 1796,3474 1886,3474 1976,3474 2065,3474 2155,3480 2244,3480 2334,3474 2423,3474 2513,3474 2602,3474 2692,3474 2782,3474 2871,3474 2961,3468 3050,3468 3140,3468 3229,3468"/>
                <TextEquiv>
                    <Unicode>Kellner hier werden? Ja? Und ich Zimmermädchen?</Unicode>
                </TextEquiv>
            </TextLine>
            <TextLine id="tr_2_tl_4" custom="readingOrder {index:3;}">
                <Coords points="996,3680 3132,3705 3132,3590 2946,3548 999,3542"/>
                <Baseline points="1014,3671 1080,3671 1170,3665 1259,3665 1349,3665 1438,3665 1528,3665 1617,3659 1707,3665 1796,3659 1886,3659 1976,3659 2065,3659 2155,3659 2244,3665 2334,3665 2423,3659 2513,3659 2602,3659 2692,3653 2782,3653 2871,3653 2961,3653 3050,3653 3140,3659"/>
                <TextEquiv>
                    <Unicode>Sie sind heute recht übel gelaunt, Frau Elisa,</Unicode>
                </TextEquiv>
            </TextLine>
            <TextLine id="tr_2_tl_5" custom="readingOrder {index:4;}">
                <Coords points="548,3696 644,3702 653,3692 676,3702 698,3683 733,3680 791,3708 833,3708 829,3593 765,3587 746,3603 730,3590 714,3600 692,3584 669,3580 660,3590 628,3577 544,3606"/>
                <Baseline points="561,3665 650,3665 740,3671 829,3671 841,3671"/>
                <TextEquiv>
                    <Unicode>Marie:</Unicode>
                </TextEquiv>
            </TextLine>
            <TextLine id="tr_2_tl_6" custom="readingOrder {index:5;}">
                <Coords points="3327,3917 3401,3936 3436,3920 3449,3929 3462,3920 3481,3926 3500,3907 3536,3910 3529,3725 3507,3721 3481,3737 3468,3728 3436,3725 3420,3734 3404,3725 3350,3753 3324,3747"/>
                <Baseline points="3343,3814 3432,3814 3522,3820 3540,3814"/>
                <TextEquiv>
                    <Unicode>K. a..</Unicode>
                </TextEquiv>
            </TextLine>
            <TextLine id="tr_2_tl_7" custom="readingOrder {index:6;}">
                <Coords points="996,3859 1211,3897 1326,3862 1422,3875 1476,3843 1669,3878 1707,3846 1771,3856 1771,3737 1640,3757 1611,3728 1572,3747 1438,3705 1355,3744 1313,3718 1188,3747 1105,3712 996,3744"/>
                <Baseline points="1014,3844 1062,3850 1152,3850 1241,3844 1331,3844 1420,3844 1510,3844 1599,3844 1689,3838 1779,3838"/>
                <TextEquiv>
                    <Unicode>Ach, warum denn -</Unicode>
                </TextEquiv>
            </TextLine>
            <TextLine id="tr_2_tl_8" custom="readingOrder {index:7;}">
                <Coords points="548,3891 612,3888 637,3865 692,3872 701,3862 724,3875 749,3869 801,3897 836,3888 833,3734 801,3734 788,3721 698,3737 647,3718 621,3734 602,3721 544,3725"/>
                <Baseline points="561,3844 650,3850 740,3850 829,3850 841,3844"/>
                <TextEquiv>
                    <Unicode>Elisa:</Unicode>
                </TextEquiv>
            </TextLine>
            <TextLine id="tr_2_tl_9" custom="readingOrder {index:8;}">
                <Coords points="996,4051 2405,4026 2552,4096 2908,4090 2972,3936 993,3878"/>
                <Baseline points="1014,4023 1104,4029 1194,4023 1283,4023 1373,4023 1462,4023 1552,4023 1641,4023 1731,4023 1820,4017 1910,4017 1999,4017 2089,4017 2179,4017 2268,4017 2358,4023 2447,4029 2537,4029 2626,4035 2716,4035 2805,4035 2895,4035 2979,4041"/>
                <TextEquiv>
                    <Unicode>Ich kann's am Ende begreifen. (steht auf)</Unicode>
                </TextEquiv>
            </TextLine>
            <TextLine id="tr_2_tl_10" custom="readingOrder {index:9;}">
                <Coords points="551,4131 640,4099 695,4115 724,4099 785,4093 804,4109 836,4096 833,3968 804,3981 788,3968 721,3965 708,3978 685,3971 647,3984 612,3955 589,3952 573,3965 548,3958"/>
                <Baseline points="567,4029 656,4023 746,4029 835,4029 841,4029"/>
                <TextEquiv>
                    <Unicode>Marie:</Unicode>
                </TextEquiv>
            </TextLine>
            <TextLine id="tr_2_tl_11" custom="readingOrder {index:10;}">
                <Coords points="3311,4227 3327,4227 3363,4250 3385,4224 3395,4227 3414,4208 3446,4198 3468,4202 3462,4074 3427,4077 3414,4090 3382,4086 3369,4099 3305,4093"/>
                <Baseline points="3325,4173 3414,4179 3474,4179"/>
                <TextEquiv>
                    <Unicode>and</Unicode>
                </TextEquiv>
            </TextLine>
            <TextLine id="tr_2_tl_12" custom="readingOrder {index:11;}">
                <Coords points="544,4234 576,4218 615,4243 660,4218 721,4243 753,4231 788,4243 813,4224 849,4231 845,4150 759,4160 692,4125 618,4150 583,4125 541,4134"/>
                <Baseline points="561,4202 650,4208 740,4208 829,4214 853,4214"/>
                <TextEquiv>
                    <Unicode>Elisa:</Unicode>
                </TextEquiv>
            </TextLine>
            <TextLine id="tr_2_tl_13" custom="readingOrder {index:12;}">
                <Coords points="1015,4231 1134,4272 2456,4231 2437,4074 1448,4106 1015,4061"/>
                <Baseline points="1032,4202 1122,4208 1211,4208 1301,4208 1391,4208 1480,4208 1570,4208 1659,4208 1749,4208 1838,4208 1928,4208 2017,4208 2107,4208 2196,4202 2286,4208 2376,4208 2465,4208"/>
                <TextEquiv>
                    <Unicode>Was können Sie denn begreifen?</Unicode>
                </TextEquiv>
            </TextLine>
            <TextLine id="tr_2_tl_14" custom="readingOrder {index:13;}">
                <Coords points="544,4410 576,4407 612,4442 621,4435 647,4461 705,4480 733,4467 769,4487 797,4455 845,4448 842,4327 810,4333 781,4311 746,4327 679,4304 653,4320 596,4311 541,4327"/>
                <Baseline points="561,4381 650,4381 740,4381 829,4387 853,4387"/>
                <TextEquiv>
                    <Unicode>Marie:</Unicode>
                </TextEquiv>
            </TextLine>
            <TextLine id="tr_2_tl_15" custom="readingOrder {index:14;}">
                <Coords points="1022,4423 3590,4407 3590,4333 3202,4247 1022,4266"/>
                <Baseline points="1038,4381 1128,4381 1217,4387 1307,4381 1396,4381 1486,4381 1576,4387 1665,4387 1755,4387 1844,4387 1934,4387 2023,4387 2113,4387 2202,4387 2292,4387 2382,4387 2471,4387 2561,4387 2650,4387 2740,4387 2829,4381 2919,4381 3008,4381 3098,4387 3187,4387 3277,4387 3367,4387 3456,4387 3546,4387 3599,4387"/>
                <TextEquiv>
                    <Unicode>Auch ich wäre nicht zufrieden an Ihrer Stelle. Sie ver-</Unicode>
                </TextEquiv>
            </TextLine>
            <TextLine id="tr_2_tl_16" custom="readingOrder {index:15;}">
                <Coords points="996,4612 1150,4580 1313,4621 1390,4583 1630,4624 1947,4583 2210,4644 2210,4484 1998,4413 1444,4455 996,4410"/>
                <Baseline points="1014,4567 1104,4567 1194,4567 1283,4567 1373,4567 1462,4567 1552,4567 1641,4567 1731,4567 1820,4567 1910,4561 1999,4561 2089,4567 2179,4567 2214,4567"/>
                <TextEquiv>
                    <Unicode>dienten ein besseres Los.</Unicode>
                </TextEquiv>
            </TextLine>
            <TextLine id="tr_2_tl_17" custom="readingOrder {index:16;}">
                <Coords points="1015,4797 3513,4769 3513,4698 3135,4634 1015,4618"/>
                <Baseline points="1032,4740 1122,4746 1211,4746 1301,4746 1391,4746 1480,4746 1570,4746 1659,4746 1749,4746 1838,4746 1928,4746 2017,4740 2107,4740 2196,4740 2286,4740 2376,4740 2465,4740 2555,4746 2644,4746 2734,4746 2823,4746 2913,4746 3002,4746 3092,4746 3182,4746 3271,4746 3361,4746 3450,4746 3522,4746"/>
                <TextEquiv>
                    <Unicode>Wer sagt Ihnen, dass ich's besser verdiene. Karl viel-</Unicode>
                </TextEquiv>
            </TextLine>
            <TextLine id="tr_2_tl_18" custom="readingOrder {index:17;}">
                <Coords points="525,4794 551,4797 570,4778 592,4801 631,4781 663,4791 711,4775 749,4788 778,4759 845,4772 845,4666 797,4666 749,4624 733,4634 714,4621 615,4634 560,4608 525,4615"/>
                <Baseline points="543,4746 632,4746 722,4746 811,4746 853,4752"/>
                <TextEquiv>
                    <Unicode>Elisa:</Unicode>
                </TextEquiv>
            </TextLine>
            <TextLine id="tr_2_tl_19" custom="readingOrder {index:18;}">
                <Coords points="974,4961 2024,4909 2146,4989 2869,4932 3417,5002 3468,4804 977,4794"/>
                <Baseline points="991,4925 1056,4931 1146,4925 1235,4925 1325,4931 1414,4931 1504,4925 1593,4925 1683,4925 1773,4919 1862,4919 1952,4925 2041,4901 2131,4889 2220,4883 2310,4877 2399,4877 2489,4877 2579,4883 2668,4883 2758,4883 2847,4883 2937,4889 3026,4889 3116,4883 3205,4889 3295,4883 3385,4889 3474,4877"/>
                <TextEquiv>
                    <Unicode>leicht, ja Aber ich?</Unicode>
                </TextEquiv>
            </TextLine>
            <TextLine id="tr_2_tl_20" custom="readingOrder {index:19;}">
                <Coords points="1140,5102 2207,5066 2476,5159 2652,5082 2876,5089 2876,4970 1140,4977"/>
                <Baseline points="1158,5062 1247,5056 1337,5056 1426,5062 1516,5062 1605,5062 1695,5056 1785,5056 1874,5056 1964,5062 2053,5068 2143,5062 2232,5062 2322,5062 2411,5068 2501,5068 2590,5068 2680,5068 2770,5074 2859,5074 2883,5074"/>
                <TextEquiv>
                    <Unicode>gar mit einer Frau, wie ich eine bin.</Unicode>
                </TextEquiv>
            </TextLine>
        </TextRegion>
    </Page>
</PcGts>
