4024 5560
3342 276 3512 590 29
1054 582 3398 807 und zwar umso weniger, je mehr sie den armen jungen
1047 752 3497 1002 Mann ermordet haben, darauf können Sie ruhig Gift neh-
1035 973 3493 1187 men. Wenn sie schuldig sind, haben sie die halbe Stun-
1039 1142 3387 1356 de benützt, um das Geld zu vergraben. Und in dieser
1028 1352 3224 1511 Richtung wird auch die Untersuchung -
1028 1467 2196 1673 (Töf-Töff eines Autos)
564 1640 2255 1854 Stimme van unten: Herr Wachtmeister!
571 1824 825 2030 Wirt:
1028 1828 2948 2034 (am Fenster) Das ist der Herr Kommissär.
571 1994 3527 2200 Wachtmeister: (mit einem Ruck) Der Kommissär! Herr Oberaufseher
1017 2211 3523 2395 halten Sie sich bereit. Eine Aussage wird Ihnen nicht
1035 2392 3445 2539 erspart bleiben. Ihre Verantwortung ist gross. Scho-
1017 2517 3409 2745 nen Sie keinen, es kann einer der tüchtigste Arbeiter
1017 2708 3464 2926 sein und doch ein fürchterliches Verbrechen begehen.
1024 2893 3438 3088 (er spricht das folgende Wort deutsch aus) Moral in-
1010 3103 3497 3258 sanity. Bedenken Sie das. (ab. Der Wirt folgt ihm mit
1006 3239 1338 3434 Mariel
2185 3272 3479 3468 es ist. Ein junger Mann. Nun
2001 3316 2156 3457 er
542 3328 855 3692 1:5
1013 3409 3434 3630 (hat Elisa die ganze Zeit beobachtet)
1010 3593 3527 3832 Karl.-Elisa.
523 3729 829 3943 Karl:
995 3781 1338 4002 Elisa!
2657 3818 3504 4017 kümmern mich die
1467 3821 2554 3995 Ist mich das Berghotal? V
534 3888 873 4142 Elisa:
1013 3943 1684 4186 Was willst du?
527 4127 803 4352 Karl:
995 4112 2377 4356 Warum bist du blass geworden?
2451 4112 3132 4359 den ganzen Tag
545 4319 836 4544 Elisa:
1006 4297 3508 4499 Ich bin nicht - Bin ich denn blass geworden? (sieL
1013 4481 2403 4720 lacht und berührt ihre Wange)
2712 4514 3486 4728 ren gegangen, die
534 4680 789 4861 Karl:
995 4647 3368 4857 Elisa! Du sinkst ja hin. Nie hab ich dich so - Was
991 4842 1691 5074 ist dir, Elisa?
