4120 5672
1238 392 1782 652 G.C.R.S.
893 373 1174 624 P. D.
646 402 845 649 P.
1361 503 3782 782 sein Geld bekommen, und wenn sich's einmal verspätet
1358 715 3839 946 hat, so sind Sie nie gemahnt worden, so viel ich weiss.
1374 912 3779 1133 (an der Kommode gelehnt) Das hat seine Richtigkeit,
883 965 1215 1152 Elisa:
1367 1048 3915 1294 Fräulein Marie. Wir können uns wirklich nicht beklagen.
1361 1250 3776 1481 Nie sind wir gemahnt worden. Und ich glaube beinah,
1386 1459 3785 1662 Fräulein Marie, Sie hätten nicht einmal was dagegen,
1377 1630 3773 1820 wenn wir ganz ohne Bezahlung hier bei Ihnen wohnen
3010 1782 3773 1953 Wahrhaftig nein.
1393 1839 1804 2029 blieben.
1405 1972 3858 2181 (als verstunde sie nicht) Wissen Sie denn auch schon
924 2070 1228 2212 Marie:
1399 2136 3178 2374 wohin Sie von hier aus reisen werden?
1402 2348 2355 2554 (zuckt die Achseln)
931 2361 1238 2548 Elisa:
1402 2507 3874 2712 Sie müssen meine Frage nicht für zudringlich halten.
937 2592 1234 2798 Marie:
1421 2703 3925 2871 Es ist nur - ich darf es wohl schon sagen - weil mein
1421 2877 3782 3061 Vater Ihrem Mann einen Vorschlag zu machen hätte -
1415 3070 1972 3254 vielleicht.
1424 3231 3798 3399 Einen Vorschlag? Meinem Mann -? Soll er vielleicht
962 3273 1266 3444 Elisa:
1424 3374 3684 3580 Kellner hier werden? Ja? Und ich Zimmermädchen?
1427 3608 3589 3789 Sie sind heute recht übel gelaunt, Frau Elisa.
962 3637 1279 3804 Marie:
1440 3751 2209 3959 Ach, warum denn -
962 3792 1282 4013 Elisa:
1440 3931 3418 4146 Ich kann's am Ende begreifen. (steht auf)
975 4023 1294 4159 Marie:
1469 4127 2924 4333 Was können Sie denn begreifen?
981 4190 1298 4346 Elisa:
1450 4282 3988 4501 Auch ich wäre nicht zufrieden an Ihrer Stelle. Sie von
984 4380 1304 4554 Marie:
1456 4463 2684 4687 dienten ein besseres Los.
1450 4659 3950 4846 Wer sagt Ihnen, dass ich's besser verdiene. Karl viel-
981 4684 1339 4865 Elisa:
1450 4820 2472 5070 leicht, ja. Aber ich?
2646 4998 2899 5137 e e e
