4088 5592
3250 295 3516 561 23'
1023 532 3440 760 wiederholt sich doch nicht so bald. Na, guten Abend.
1023 710 3567 912 Wir werden wohl bald Näheres erfahren. In einer Stunde
1039 893 3503 1064 kommt die Post von oben, der Kutscher wird schon mehr
1036 1077 3589 1283 wissen, denk ich. Na, wenn die Bahn einmal eröffnet sein
1052 1229 2524 1448 wird, da wird das rascher gehen.
1052 1381 3541 1609 (zu Marie, die ihren Vater begleiten will) Möchten Sie
567 1454 881 1600 Elisa:
1039 1603 3472 1777 nicht noch ein bischen bei mir bleiben7, Marie? Wir
1052 1774 3560 1964 waren eben so gemütlich im Plaudern und nun wollen Sie
1039 1920 3389 2113 mich allein lassen, nach dieser Schaudorgeschichte?
1045 2100 3494 2322 So bleib doch noch bei Frau Bengler. Unten gibt’s ja
586 2141 839 2281 Wirt:
1045 2290 3551 2452 doch nicht mehr zu hören, als ich da erzählt habe. (ab)
1045 2493 3231 2670 (ist unschlüssig an der Tür### stehen geblieben)
583 2493 887 2664 Marie:
1039 2654 3494 2844 (fasst ihre beiden Hände) Nun, so schlimm diese Mord-
580 2680 887 2851 Elisa:
1045 2806 3373 2996 geschichte ist, uns Beide bekümmert sie wohl nicht
1064 2984 3567 3174 weiter, nicht wahr? Wir haben Dinge miteinander zu be-
1058 3171 2528 3358 sprechen, die uns näher angehen.
1071 3370 1875 3554 Ich wüsste nicht.
599 3380 887 3510 Marie:
1061 3497 3421 3693 Also, kurz und gut, da ich ja ein Paar Augen hab und
595 3522 896 3715 Elisa:
1061 3687 3503 3896 Überhaupt nicht auf den Kopf gefallen bin, ist es mir
1064 3883 3567 4092 natürlich nicht verborgen geblieben, dass Sie den Kaal
1064 4073 3522 4251 gern haben. Oh, mir liegt nicht dran, gar nichts. Ich
1052 4229 3500 4431 bin nicht erforsüchtig, und ich wär' es nicht einmal,
1064 4428 3510 4618 wenn er auch in Sie verliebt wäre. Aber er hängt
1064 4606 3525 4799 vorläufig noch an mir. Ich weiss. Nun, wenn ich nicht
1055 4777 3468 4967 mehr da bin, wird sich das geben und je freundlicher
1045 4963 3519 5138 Sie sich seiner annehmen werden, umso rascher wird er
