3480 5624
555 414 3059 715 Zeit benützen. Schau dich in den Spiegel. Wenn man so
570 689 3055 904 viel durchgemacht hat, das hinterlässt seine Spuren...
559 900 2536 1096 Walten. Elisa, man bleibt nicht ewig jung.
577 1089 1865 1274 Karl nur dich, dich allein -
109 994 425 1292 Elisa:
573 1266 1506 1481 Rühr mich nicht an!
120 1317 377 1452 Karl:
123 1401 1974 1687 Wachtmeister: (draussen) Herr Bengler!
602 1611 1383 1829 (erstickt) Karl!
116 1640 425 1840 Elisa:
570 1785 1386 2010 Ja. Da bin ich.
120 1825 367 2025 Karl:
116 1934 3041 2166 Wachtmeister: (tritt ein) Herr Oberaufseher, der Herr Kommissär
588 2130 3026 2355 ist sehr ungeduldig. Ich will Ihnen nur mitteilen,
584 2290 2990 2482 dass sich die Verdachtsgründe gegen die beiden Ver-
595 2471 3088 2638 hafteten erheblich verstärkt haben. Sie brauchen sich
595 2656 2555 2888 weiter kein Blatt vor den Mund zu nehmen.
599 2859 3110 3034 (hat das Fenster geöffnet) vor allem einmal lasse man
134 2867 392 3103 Karl:
595 3037 3106 3240 die Burschen los. Bardoni, Raso, Ihr seid frei! Sagt es
613 3215 1143 3386 ihnen doch!
613 3357 3066 3527 (Unruhe unten einige Leute kommen die Treppe herauf,
613 3542 1666 3759 die Türe steht offen)
595 3719 3015 3912 Hier sind die zweihundert Kronen, Herr Wachtmeister.
142 3759 392 3919 Karl:
613 3879 2965 4104 Und hier bin ich! Ist Ihnen alles klar? Und bitte,
613 4111 2290 4286 lassen Sie doch die Türe hier frei.
160 4275 1731 4434 Wachtmeister: Was heisst das? He!
606 4431 2954 4623 Das ist mein armes Weib, die kann gar nichts dafür,
160 4456 417 4645 Karl:
617 4579 3048 4797 dass ich elender Kerl Einen erwürgt hab - Haben Sie
624 4808 3219 4997 doch Mitleid mit ihr. Sie ist unschuldig, ich weiss es...
606 4942 1143 5171 Elisa, geh!
