4040 5624
3184 244 3515 559 51
2696 324 2860 552 1
3188 501 3383 706 du 1
1050 642 3464 799 Ich schwöre dir. Frag sie doch, ob ich nicht vor dem
578 639 896 867 Elisa:
1043 809 3531 1008 Mittagessen mit ihr auf der Landstrasse spazieren ge-
1043 979 2311 1184 gangen bin. Frag sie doch!
1056 1111 3528 1345 Und vorher? Am Morgen? Wann bist du aufgestanden? Was
571 1143 851 1358 Karl:
1046 1326 2125 1560 hast du nachher getan?
1056 1518 3544 1679 Was soll ich denn? Angekleidet hab ich mich. Dann hab
568 1566 892 1708 Elisa:
1059 1663 3566 1891 ich genäht, das Kleid da hab ich ausgebessert, den Saum
1056 1820 3435 2035 da, siehst du. Eine Weile war ich auch unten in der
1056 1990 3640 2225 Wirtsstube, habe Zeitungen gelesen. Dann bin ich spazie-
1069 2202 3476 2391 ren gegangen mit Marie - frag sie doch. zuerst eine
1075 2401 3547 2587 Weile allein hin und her und dann mit ihr, bin ihr be-
1056 2562 3342 2777 gegnet hundert Schritt mit vom Ort. Was kümmert
1075 2709 3403 2911 dich all das? Was willst du denn? Lass mich! Lass
1075 2934 3525 3117 meine Hände! Und was rollst du die Augen? Du bist ja
1091 3098 1351 3319 to11!
1082 3271 2054 3489 Du hast ihn gekannt!
607 3249 863 3489 Karl:
1079 3406 3576 3656 Den sie umgebracht haben? Ich weiss nicht. Vielleicht
603 3492 924 3740 Elisa:
1085 3627 3608 3836 Nab ich ihn einmal gesehen. Wie kann ich das denn wis-
1085 3781 3525 4016 sen? Wie lange hat er sich denn in der Gegend aufge-
1069 3952 3457 4151 halten? Weis ist du's? Manche, die oben auf dem Berg
1085 4160 3460 4382 wohnen, kommen ein oder das andere Mal herunter ins
1091 4305 3486 4533 Dorf. Vielleicht hab ich ihn gesehen, schon möglich,
1082 4504 3525 4728 Wenn ich ihn wi edersehe, würde ich Ihn vielleicht er-
1091 4651 3547 4905 kannen, vielleicht auch nicht. Was weiss ich? Du bist
3043 4837 3537 4995 ich auf und
2266 4844 2719 5014 xxx. Mit ih
1095 4876 1509 5120 ja toll!
603 4870 777 5181 2
