4024 5576
3268 343 3452 523 13
1044 416 3461 707 wiederholt sich doch nicht so bald. Na, guten Abend.
1034 679 3588 860 Wir werden wohl bald Näheres erfahren. In einer Stunde
1031 876 3490 1034 kommt die Post von oben, der Kutscher wird schon mehr
1037 1037 3591 1183 wissen, denk ich. Na, wenn die Bahn einmal eröffnet sein
1025 1199 2516 1412 wird, da wird das rascher gehen.
2732 1259 3100 1437 is at der
555 1377 872 1561 Elisa:
1037 1393 3515 1596 (zu Marie, die ihren Vater begleiten will) Möchten Sie
1028 1570 3407 1783 nicht noch ein bischen bei mir bleiben, Marie? Wir
1025 1640 1221 1764 G.C.F.P.
1028 1742 3560 1945 waren eben so gemütlich im Plaudern und nun wollen Sie
1015 1923 3369 2126 mich allein lassen, nach dieser Schaudergeschichte?
536 2034 809 2227 Wirt:
1009 2075 3471 2319 So bleib doch noch bei Frau Bengler. Unten gibt’s ja
1009 2265 3518 2471 doch nicht mehr zu hören, als ich da erzählt habe. (ab)
536 2364 844 2554 Marie:
1006 2452 3172 2617 (ist unschlüssig an der Türe stehen geblieben)
533 2608 838 2820 Elisa:
996 2601 3455 2830 (fasst ihre beiden Hände) Nun, so schlimm diese Mord-
1003 2811 3331 3004 geschichte ist, uns Beide bekümmert sie wohl nicht
983 2995 3506 3188 weiter, nicht wahr? Wir haben Dinge miteinander zu be
996 3166 2468 3357 sprechen, die uns näher angehen.
527 3277 825 3439 Marie:
996 3315 1805 3433 Ich wüsste nicht.
2944 3385 3366 3569 in Romp
508 3496 819 3690 Elisa:
983 3499 3353 3705 Also, kurz und gut, da ich ja ein Paar Augen hab und
974 3686 3439 3889 überhaupt nicht auf den Kopf gefallen bin,ist es mir
977 3870 3483 4073 natürlich nicht verborgen geblieben, dass Sie den Kafl
964 4064 3439 4277 gern haben. Oh,mir liegt nicht dran,gar nichts. Ich
964 4238 3401 4422 bin nicht eifersüchtig, und ich wär' es nicht, einmal,
968 4416 3417 4600 wenn er auch in Sie verliebt wäre. Aber er hängt
961 4565 3429 4762 vorläufig noch an mir. Ich weiss. Nun, wenn ich nicht
949 4762 3366 4965 mehr da bin, wird sich das geben und je freundlicher
1580 4848 1767 4968 aie
949 4943 3426 5178 Sie sich seiner annehmen werden, umso rascher wird er
983 5025 1323 5149 na, Sie
