4024 5576
1025 470 3574 756 Warum wie Sie eine sind? Sie haben doch sein Wanderle-
397 427 894 785 Marie:
1031 746 3331 867 ben schon manches Jahr geteilt.
1031 930 3561 1074 Ja, das hab ich getan! Vier volle Jahre geht das schon.
572 841 877 1041 Elisa:
1025 1031 3443 1232 Aber wie satt ich dieses Wanderleben bin, das weiss
1025 1261 1633 1445 kein Mensch.
1025 1403 2690 1583 Was Sie heute nur haben, Frau Elisa.
2786 1363 3443 1583 augen nicht zu
562 1353 864 1570 Marie:
555 1610 867 1807 Elisa:
1008 1570 3568 1794 Nun, was hab ich denn? Manchmal kommt’s eben über einen
1015 1777 3574 1948 Es ist mir freilich nicht an der Wiege gesungen worden,
1018 1912 3472 2152 dass ich mit sechsundzwanzig Jahren so eine Existenz
1025 2152 3561 2293 führen werde; nicht um ein Haar besser als irgend eine
1008 2326 3518 2480 gemeine Arbeitersfrau. Im vorigen Jahr ist es uns ja
1008 2493 3495 2664 besser gegangen. Bei der Tauernbahn war die Bezahlung
1012 2667 3531 2822 beinahe doppelt so gross. Aber im Winter haben wir ge-
3101 2779 3407 2920 bitten
1008 2851 3650 3022 hungert! Und die letzten Monate hier in dem Nest - trotz
1015 3029 3515 3160 der guten Behandlung hier im Hause, für die wir natür-
1008 3203 2434 3374 lich ewig dankbar sein werden-
529 3338 848 3551 Marie:
995 3400 3006 3525 So habe ich Sie ja nie gesehen, Frau Elisa.
519 3541 838 3761 Elisa:
995 3577 3400 3732 Einmal redt' man sich's halt von der Seele. Nein, es
986 3758 3380 3916 ist kein Leben. Für mich gewiss nichts und für ihn
1002 3912 3515 4070 auch nicht, wenigstens, so lang er mit mir zusammen ist.
989 4067 3485 4264 Es liegt eben daran, dass ich nicht die richtige Frau
972 4290 1945 4425 für ihn bin.
1994 4287 2270 4438 nde
512 4428 808 4619 Marie:
989 4389 3400 4629 (fast erschrocken) Wie können Sie das - Er liebt
986 4635 1951 4780 Sie so sehr - -
519 4809 831 4941 Elisa:
979 4803 3456 4983 Das weiss ich. Glauben Sie, sonst hätt' ich's so lang
