4008 5576
2442 405 2638 563 1.
1020 528 3494 730 ausgehalten? Schon mehr als einmal war ich nah daran
1033 666 3588 862 auf und davon zu gehen. Aber jetzt, letzt kann ich nicht
3362 830 3565 943 J.C.F.
1786 837 2284 962 duis
1091 843 1248 956 such
1020 943 3559 1055 mehr!- Ich halte das Leben nicht länger aus. Und hiel-
1017 1010 3549 1277 te es auch nicht aus, wenn es etwas besser würde; nicht
975 1284 3501 1396 einmal, wenn Ihr Herr Onkel uns eine fixe Stellung ver-
1020 1438 3423 1554 schaffte. Solche Frauen wie ich, die taugen nicht zu
1026 1548 3539 1770 solch einer Existenz. Karl müsste eine andere Frau ha-
1020 1734 3382 1940 ben, eine sanftera,eine bescheidenere, eins bessere.
2780 1911 2989 2046 G.C.H.F.P.
3253 1892 3459 2037 G.C.F.F:F.P
1020 1988 2403 2133 So eine, wie Sie, zum Beispiel.
3304 2056 3607 2243 res dem
528 2165 840 2294 Marie:
1014 2156 1335 2297 Adieu.
1007 2310 3549 2523 (sie beim Arm fassend) Aber was ist denn? Warum wollen
553 2317 849 2461 Elisa:
1004 2523 1699 2654 Sie denn fort?
541 2558 846 2835 Marie:
1007 2690 2436 2860 Ichdenke, es ist Zeit zu gehen.
1007 2822 3520 2986 Oh nein, ganz im Gegenteil, es ist Zeit zu bleiben. Ich
528 2838 849 2989 Elisa:
997 3037 3542 3185 habe Ihnen noch eine ganze Menge zu sagen, ja, wirklich.
1014 3153 3491 3353 Und was ich Ihnen vor allem sagen muss, denn dann wer-
1020 3391 3359 3517 den Sie alles Weitere viel leichter verstehen, wir
1014 3588 3407 3703 sind gar nicht verheiratet, Karl und ich. Er ist gar
1004 3748 3192 3884 nicht mein Mann. Wie? Nun leuchten Ihre Augen!
1136 3861 1406 3970 nd wzt
1007 3961 2284 4099 Aber lassen Sie mich doch -
528 3848 837 4073 Marie:
997 4093 3504 4263 (lässt jetzt ihren Arm los) Er ist frei, frei! Er kann
528 4106 833 4254 Elisa:
997 4299 3497 4398 jeden Augenblick eine Andere heiraten, wenn es ihm be-
3121 4389 3394 4488 dert.ü
1001 4450 3430 4607 liebt. - In vierzehn oder auch in acht Tagen können
3304 4559 3668 4723 ie haben
2127 4579 2857 4746 en unten nichts
1004 4646 1976 4778 Sie Karls Frau sein.
2159 4698 2706 4849 issemmenten
1091 4736 1963 4855 Sie sind je
997 4807 3578 5016 Sind sie dann - Ich weiss wirklich nicht mehr - Adieu.—
547 4826 846 5013 Marie:
997 4981 1557 5183 (Es klopft)
