4008 5592
3320 268 3506 520 12
1056 457 1488 640 wiederholt
1034 526 3455 728 Das ist ja furchtbar. So was ist in der Gegend noch
567 605 880 744 Marie:
1614 709 2336 911 ohl bald Nähere
2475 697 3553 889 fahren. In einer Stunde
1040 788 1813 898 nie vorgekommen.
1062 880 1283 993 dans le
1040 880 3436 1078 Oh doch. Aber das ist schon lange her. Da warst du
567 930 839 1100 Wirt:
1078 1059 1346 1176 vissen
1034 1078 3550 1261 noch nicht auf der Welt, Marie. Und Sie auch nicht, Frau
1047 1289 3480 1422 Dengler. Ich war noch ein Bub, da hat hier einer seine
1494 1412 1649 1529 G.C.F.P
1034 1444 3480 1608 Frau umgebracht, aus Eifersucht. Aber ein Raubmord, so
1034 1601 3162 1810 was ist seit Menschengedenken nicht passiert.
1034 1765 3080 1970 Ein Professor sagen Sie? -ein älterer Herr?
567 1844 864 1983 Elisa:
1028 2024 1592 2223 Jedenfalls.
571 2024 829 2235 Wirt:
2960 2122 3361 2286 gibt's
1040 2128 2793 2349 Und hat man eine Spur von dem Mörder?
574 2216 857 2371 Marie:
1031 2304 3569 2490 Es scheint nicht. Was die Leute da unten reden, das hat
574 2383 839 2572 Wirt:
1040 2468 3452 2667 natürlich gar keine Bedeutung. Die wissen ja selber
1034 2746 1397 2850 nichts.
1554 2787 2358 2960 st, uns Leide bekt
1034 2910 1970 3020 Was reden/Sie denn?
567 2900 876 3061 Elisa:
1034 3017 3515 3238 Sie können sich's ja denken. Bahnbau, italienische Ar-
567 3086 823 3250 wirt:
1034 3241 3521 3398 beiter. Ich hab sie aber gewarnt, dass sie nicht viel-
1040 3443 3569 3610 leicht ohne Beweise – es könnt ihnen übel ergehen. Na,
1053 3559 3439 3748 ich muss wieder hinunter. Guten Abend, Frau Bengler.
1037 3720 3543 3985 Also,Sie kommen nur herauf,um einem eine so gruselige
555 3777 867 3941 Elisa:
2591 3893 3471 4105 h, dass Sie den Karl
1034 3978 2141 4105 Geschichte zu erzählen?
2144 4038 2393 4177 nicht
1034 4076 3550 4275 Ich wollt, es wär was Lustigeres gewesen; aber bei sich
574 4130 839 4297 Wirt:
1034 4253 3004 4454 behalten kann man's doch wohl auch nicht.
1403 4432 1674 4533 hier
1037 4432 3515 4722 Na, Ihnen wird ja die Sache weiter nicht schaden, höch-
567 4527 861 4644 Elisa:
1356 4618 1737 4719 noch at
2018 4599 3414 4826 Ich weiss. Nun, wenn ich nicht
1031 4681 2049 4890 stens dem Hotel oben.
1229 4792 2440 4883 als bin, wird sich das geben
2831 4792 3048 4908 freund
1053 4798 3449 5057 mögl ich, obwohl es recht dumm wäre. Denn so ein Fall
564 4864 839 5047 Wirt:
1415 4975 3402 5195 seiner annehmen werden, umso rascher wird er
