4040 5592
1065 406 3447 592 davon wollen. Ich hab ihn gern gehabt. Ja. das ist
1065 675 3444 783 nun einmal so. Frage die Marie. Grad hab ich's ihr
1068 780 3565 1007 erzählt. Von dem Geld weiss sie nichts. Aber, dass ich
1058 956 3613 1142 hab fort wollen, das weiss sie. Ich hab ihn gern gehabt
1074 1202 3517 1311 und er mich. Schon öfters haben wir uns gesehen. Zum
1058 1397 3511 1490 fünften oder sechsten Mal heute Morgen. Oefter noch.
1605 1461 1759 1605 G.C.H.F.P.
1062 1535 3565 1685 Jeden Morgen. Dort im Wald, wo sie ihn heut umgebracht
1058 1707 3623 1867 haben. Geliebt hab ich ihn, ja. Ist denn das eine Schan-
1058 1899 3485 2024 de? Und darum habe ich nicht länger bei dir bleiben
1074 2069 3565 2203 wollen. Es war alles verabredet. Drum hat er mir heut
1058 2264 3396 2366 Früh das Geld gebracht. Ein paar Stunden weit von
1058 2433 3540 2555 hier, da wollten wir uns treffen und miteinander fort-
1068 2593 3546 2727 reisen, weit fort - nach Wien oder Paris. Er mit mir.
1058 2788 3568 2935 Er hat mich geliebt, verstehst du? Und die zweihundert
1065 2926 3524 3070 Kronen hat er mir gegeben, damit ich mir das Nötigste
1058 3137 3559 3271 kaufen kann. Nun ja, natürlich. Schuhe vor allem, meine
1068 3306 3594 3418 sind ja hin, und ein Kleid und eine Billet, für die Bahn.
1065 3469 3594 3636 Was willst du nun? Soll ich es dem Kommissär erzählen?
1065 3658 3594 3795 Er würde mir’s nicht glauben. Niemand würd' es glaube.
1046 3863 3441 4000 Sie würden alle glauben, dass ich ihn ermordet hab.
1058 4026 3549 4218 Einsperren würden sie mich. Versteck das Geld, ich be-
1058 4176 3456 4361 schwöre dich! Sonst denken sie am Ende, du und ich -
1052 4361 3511 4553 bring du mich lieber um. Ich will nicht vor Gericht.
1039 4556 3568 4790 Ich will nicht ins Gefängnis, ich willnicht - Versteck
1058 4742 1522 4879 das Geld!
1052 4908 3367 5135 Hab keine Angst, Elisa! Dir wird nichts geschehen.
563 4927 854 5052 Karl:
1954 5017 2146 5132 et le
620 5026 780 5196 821
