4104 5576
953 486 3822 764 Gasthofzimmer, anständig, aber nicht sonderlich freundlich. Die
2819 733 3130 840 G.H.F.P.S.
957 813 3875 946 Wände blau-grau gemalt, etwas abgeschilfert, die Decke schmutzig
953 999 3875 1113 weiss. Thüre rechts auf den Gang. Zwei Fenster im Hintergrund.
953 1147 3901 1303 Dazwischen Komrode, über der Kommode zwei Oeldruckbilder, auf der
931 1288 3791 1542 Kommode Photographien in Rahmen und ein Carton, offen, mächtig
946 1512 4000 1679 gross, wie ein Gebetbuch. links ein Vorhang, fast geschlossen, durch
938 1694 3871 1820 einen Spalt der Erker mit den zwei Betten sichtbar. links vorn
934 1812 3856 1998 an der Wand ein Waschkasten in leidlichem Zustand. Daneben ein
934 2051 3791 2234 eiserner Ofen, weiter hinten ein alter Schrank, das beste Möbel
2530 2146 2690 2268 G.C.F.P.
931 2226 3787 2450 des Zimmers. Ueber dem Waschkasten ein Spiegel. Neben der Tür
923 2363 3848 2621 ein Kleiderstock, an dem ein weicher Männerhut, ein Havelock,ein
915 2568 3905 2728 Frauenmantel, ein Shawl hängen. In der Mitte des Zimmers ein run-
915 2762 3924 2883 der Tisch, auf diesem einige zerlesene Bücher, ein gebundener Jahr-
904 2955 3913 3092 gang einer illustrierten Zeitung, brauner Lederdivan, zwei Plüsch-
897 3058 2139 3335 fauteuille, zwei Holzsessel.
923 3313 3662 3575 (Elise, 26 Jahre, von blassem, etwas mattgelblichen Teint, das
897 3529 3863 3708 schwarze Haar kokett, aber nicht sehr ordentlich frisiert,in hel-
881 3723 3734 3860 lem etwas abgetragenen Sommerkleid, vor dem Schrank, der offen
889 3882 3806 4095 steht; sie mustert die drin hängenden Kleidungsstücke, betastet
874 4061 3746 4262 eines und das andere, dann geht sie zur Kommode, nimmt das dort
878 4224 3651 4395 liegende kleine Gebetbuch, schlägt es auf, vergewissert sich,
878 4422 3662 4589 dass das Gesuchte noch vorhanden, geht mit den Gebetbuch zum
866 4619 3810 4794 Schrank, legt es auf den Boden des Schrankes, schüttelt den Kopf,
870 4771 3787 4984 nimmt das Gebetbuch, geht damit zur Kommode, öffnet die unterste
851 4942 3791 5227 Lade, wühlt darin, gibt das Gebetbuch hinein, nimmt es wieder he-
