3800 5640
3033 254 3191 431 20
831 435 1085 612 ƒ
2000 390 2260 628 G.H.F.P.
773 589 3191 876 ben. Und sie werden kommen. Verliere nur die Geduld
799 808 3130 1079 nicht. Du weisst, wenn's nach mir ginge, würdest du
802 976 2895 1220 längst ein anderes Leben führen.
805 1191 1694 1410 Kenn ich, kann ich.
1761 1243 2470 1375 un hat sie schon
345 1208 657 1410 Elisa:
815 1340 3175 1562 Ich habe keins andern Worte. Es gibt keine andern.
354 1391 602 1600 Karl:
824 1494 3294 1732 Du musst mir nur glauben. Ich w 1 1 1, dass du glück-
828 1697 3378 1916 lich wirst. Und da ich es will - Wir sind ja noch jung,
824 1868 3252 2090 Elisa, wir haben noch viel Zeit vor uns. Und ich, ich
844 2070 1517 2322 kann arbeiten.
840 2212 3197 2441 Freilich kannst du arbeiten. Aber was hilft's uns?
374 2264 676 2441 Elisa:
844 2383 3226 2628 Die Andern bei der Bahn, die arbeitern auch, rackern
853 2544 3310 2801 sich vielleicht noch mehr und verdienen noch wenigen.
840 2743 3214 2972 Es ist schon so auf der Welt - jämmerlich! Und das
850 2933 3272 3149 Dümmste ist, daß du für Zwei zu sorgen hast, dass du
850 3107 3329 3339 dich mit so einem Frauenzimmer herumschleppst...wie-
863 3333 1179 3516 Elisa!
399 3291 663 3516 Karl:
879 3468 2875 3697 Mit so einer, die dir's nicht einmal dankt.
399 3561 696 3697 Elisa:
882 3648 3336 3909 Wie kannst du mir danken? Ich hab dir doch nichts zu
406 3719 667 3893 Karl:
876 3816 3236 4067 bieten. Wofür sollst du mir danken, Elisa, die du so
886 3948 3252 4244 schön bist wie eine Prinzessin und existieren muss
886 4199 3310 4408 wie eine Arbeitersfrau, die in Sammt und Seide gehen
911 4305 3365 4579 sollte und die sich mit dem abgetragenen Kleid behel-
905 4495 3014 4759 fen muss, du, die Perlen und Diamanten -
911 4675 3284 4939 So hör doch auf! Du hast wieder einmal deinen Tag,
441 4778 753 4927 Elisa:
908 4869 3497 5100 Perlen und Diamanten regnet’s nicht und auf der Strecke
