<?xml version="1.0" encoding="UTF-8" standalone="yes"?>
<PcGts xmlns="http://schema.primaresearch.org/PAGE/gts/pagecontent/2013-07-15" xmlns:xsi="http://www.w3.org/2001/XMLSchema-instance" xsi:schemaLocation="http://schema.primaresearch.org/PAGE/gts/pagecontent/2013-07-15 http://schema.primaresearch.org/PAGE/gts/pagecontent/2013-07-15/pagecontent.xsd">
    <Metadata>
        <Creator>prov=READ-COOP:name=TrHtr:version=2.1.0:model_id=51170:date=15_08_2023_03:31</Creator>
        <Created>2023-05-10T14:58:40.744+02:00</Created>
        <LastChange>2023-08-15T03:31:01.987+02:00</LastChange>
        <TranskribusMetadata docId="1428696" pageId="55428237" pageNr="86" tsid="132838422" status="IN_PROGRESS" userId="64420" imgUrl="https://files.transkribus.eu/Get?id=ZSBHMOTVOCKDCSXPQMOOIFES&amp;fileType=view" xmlUrl="https://files.transkribus.eu/Get?id=CSJJPODGDBDWASKAKVSPYVDS" imageId="44702310"/>
    </Metadata>
    <Page imageFilename="1428696_0086.jpg" imageWidth="4104" imageHeight="5592">
        <ReadingOrder>
            <OrderedGroup id="ro_1711808504780" caption="Regions reading order">
                <RegionRefIndexed index="0" regionRef="tr_1"/>
                <RegionRefIndexed index="1" regionRef="tr_2"/>
            </OrderedGroup>
        </ReadingOrder>
        <TextRegion id="tr_1" custom="readingOrder {index:0;}">
            <Coords points="914,386 3925,386 3925,2949 914,2949"/>
            <TextLine id="tr_1_tl_1" custom="readingOrder {index:0;}">
                <Coords points="3509,529 3531,529 3572,492 3661,529 3716,488 3757,514 3820,510 3812,281 3746,277 3672,233 3624,226 3579,244 3557,222 3502,214"/>
                <Baseline points="3530,442 3620,436 3710,442 3799,442 3829,454"/>
                <TextEquiv>
                    <Unicode>V.</Unicode>
                </TextEquiv>
            </TextLine>
            <TextLine id="tr_1_tl_2" custom="readingOrder {index:1;}">
                <Coords points="1723,451 1823,447 1856,481 1993,484 2015,507 2074,477 2096,492 2130,481 2126,292 2048,296 1997,336 1893,307 1871,325 1827,325 1790,359 1719,355"/>
                <Baseline points="1744,442 1834,442 1923,448 2013,448 2102,448 2138,448"/>
                <TextEquiv>
                    <Unicode>1 4: 1 1 1: 1:</Unicode>
                </TextEquiv>
            </TextLine>
            <TextLine id="tr_1_tl_3" custom="readingOrder {index:2;}">
                <Coords points="895,691 3431,728 3428,540 3228,499 891,529"/>
                <Baseline points="914,627 1003,627 1093,627 1182,627 1272,627 1362,627 1451,627 1541,633 1631,633 1720,633 1810,633 1899,633 1989,633 2079,633 2168,633 2258,633 2347,633 2437,633 2527,633 2616,633 2706,633 2796,633 2885,633 2975,633 3064,633 3154,633 3244,633 3333,639 3423,639 3441,639"/>
                <TextEquiv>
                    <Unicode>raus,und schlägt es auf. Jetzt klopft es an die Tür,)</Unicode>
                </TextEquiv>
            </TextLine>
            <TextLine id="tr_1_tl_4" custom="readingOrder {index:3;}">
                <Coords points="913,832 950,821 991,836 1057,891 1083,876 1094,884 1120,862 1157,869 1194,839 1228,847 1224,732 1187,736 1172,721 1146,728 1131,717 1094,732 1039,710 998,736 950,717 910,725"/>
                <Baseline points="932,806 1021,806 1111,806 1200,812 1236,812"/>
                <TextEquiv>
                    <Unicode>Elisa:</Unicode>
                </TextEquiv>
            </TextLine>
            <TextLine id="tr_1_tl_5" custom="readingOrder {index:4;}">
                <Coords points="1364,869 3897,876 3897,714 3797,691 1364,710"/>
                <Baseline points="1386,818 1398,818 1487,818 1577,818 1666,812 1756,812 1846,812 1935,812 2025,812 2114,812 2204,812 2294,806 2383,806 2473,806 2563,812 2652,812 2742,806 2831,806 2921,806 3011,806 3100,806 3190,806 3279,806 3369,806 3459,806 3548,806 3638,806 3728,806 3817,806 3907,812"/>
                <TextEquiv>
                    <Unicode>(schrickt zusammen) Wie? - Ja!Gleich!- Bist du's Karl?</Unicode>
                </TextEquiv>
            </TextLine>
            <TextLine id="tr_1_tl_6" custom="readingOrder {index:5;}">
                <Coords points="1383,1065 3283,1009 3842,1091 3879,880 1383,906"/>
                <Baseline points="1403,991 1493,985 1583,985 1672,985 1762,985 1852,985 1941,985 2031,985 2120,985 2210,985 2300,985 2389,985 2479,985 2568,985 2658,985 2748,985 2837,985 2927,985 3017,991 3106,991 3196,985 3285,985 3375,985 3465,985 3554,991 3644,991 3733,991 3823,991 3889,997"/>
                <TextEquiv>
                    <Unicode>Ich kleide mich nur eben an. Gleich, gleich! (sie ver-</Unicode>
                </TextEquiv>
            </TextLine>
            <TextLine id="tr_1_tl_7" custom="readingOrder {index:6;}">
                <Coords points="1364,1216 2514,1290 3801,1220 3801,1061 1364,1054"/>
                <Baseline points="1386,1170 1475,1165 1565,1159 1654,1159 1744,1159 1834,1159 1923,1159 2013,1159 2102,1159 2192,1159 2282,1165 2371,1165 2461,1165 2551,1165 2640,1165 2730,1165 2819,1159 2909,1165 2999,1165 3088,1165 3178,1165 3267,1165 3357,1165 3447,1165 3536,1165 3626,1165 3716,1170 3805,1176 3811,1170"/>
                <TextEquiv>
                    <Unicode>birgt das Gebetbuch rasch wieder in der untersten</Unicode>
                </TextEquiv>
            </TextLine>
            <TextLine id="tr_1_tl_8" custom="readingOrder {index:7;}">
                <Coords points="1364,1424 1634,1405 1701,1431 1845,1368 2034,1449 2126,1387 2248,1412 2248,1235 2063,1239 1978,1279 1738,1228 1608,1287 1494,1224 1364,1228"/>
                <Baseline points="1386,1338 1475,1332 1565,1332 1654,1332 1744,1332 1834,1326 1923,1332 2013,1332 2102,1332 2192,1338 2258,1344"/>
                <TextEquiv>
                    <Unicode>Lade der Kommoda)</Unicode>
                </TextEquiv>
            </TextLine>
            <TextLine id="tr_1_tl_9" custom="readingOrder {index:8;}">
                <Coords points="913,1560 3668,1601 3879,1424 913,1438"/>
                <Baseline points="932,1505 1021,1499 1111,1505 1200,1505 1290,1505 1380,1505 1469,1505 1559,1505 1648,1511 1738,1505 1828,1505 1917,1511 2007,1511 2097,1511 2186,1511 2276,1511 2365,1511 2455,1511 2545,1511 2634,1511 2724,1511 2813,1511 2903,1511 2993,1511 3082,1511 3172,1511 3262,1511 3351,1511 3441,1511 3530,1511 3620,1511 3710,1511 3799,1505 3889,1511"/>
                <TextEquiv>
                    <Unicode>Stimme Mariens: (draussen vor der Tür) Ich bin's, ich, Marie. Aber</Unicode>
                </TextEquiv>
            </TextLine>
            <TextLine id="tr_1_tl_10" custom="readingOrder {index:9;}">
                <Coords points="1372,1756 1712,1708 2111,1797 2322,1708 2699,1778 3302,1693 3886,1767 3864,1594 1372,1575"/>
                <Baseline points="1392,1678 1481,1678 1571,1678 1660,1678 1750,1684 1840,1684 1929,1684 2019,1678 2108,1684 2198,1684 2288,1684 2377,1684 2467,1684 2557,1684 2646,1684 2736,1690 2825,1684 2915,1690 3005,1690 3094,1690 3184,1690 3273,1690 3363,1690 3453,1690 3542,1690 3632,1690 3722,1690 3811,1690 3895,1684"/>
                <TextEquiv>
                    <Unicode>Sie brauchen sich nicht zu beeilen, Frau Elisa; es ist</Unicode>
                </TextEquiv>
            </TextLine>
            <TextLine id="tr_1_tl_11" custom="readingOrder {index:10;}">
                <Coords points="1364,1893 1579,1912 1620,1878 1723,1945 1886,1930 1941,1963 2045,1956 2100,1901 2230,1904 2230,1778 1978,1767 1915,1793 1838,1745 1616,1797 1364,1786"/>
                <Baseline points="1386,1864 1475,1858 1565,1858 1654,1858 1744,1858 1834,1858 1923,1858 2013,1864 2102,1864 2192,1869 2240,1869"/>
                <TextEquiv>
                    <Unicode>nichts Wichtiges.</Unicode>
                </TextEquiv>
            </TextLine>
            <TextLine id="tr_1_tl_12" custom="readingOrder {index:11;}">
                <Coords points="3354,1882 3453,1904 3494,1882 3587,1919 3690,1878 3779,1923 3897,1915 3897,1771 3775,1815 3609,1793 3561,1815 3524,1797 3479,1815 3431,1793 3402,1812 3354,1804"/>
                <Baseline points="3375,1875 3459,1869 3548,1875 3638,1864 3728,1869 3817,1869 3907,1869"/>
                <TextEquiv>
                    <Unicode>Wird da drnn</Unicode>
                </TextEquiv>
            </TextLine>
            <TextLine id="tr_1_tl_13" custom="readingOrder {index:12;}">
                <Coords points="902,2141 932,2148 984,2122 1021,2141 1035,2126 1054,2141 1124,2078 1143,2093 1161,2078 1198,2078 1198,1960 1168,1963 1131,1941 1102,1963 1046,1963 1021,1982 947,1941 932,1956 906,1956"/>
                <Baseline points="926,2037 1015,2037 1105,2031 1194,2037 1206,2037"/>
                <TextEquiv>
                    <Unicode>Elisa:</Unicode>
                </TextEquiv>
            </TextLine>
            <TextLine id="tr_1_tl_14" custom="readingOrder {index:13;}">
                <Coords points="1364,2078 2500,2145 2976,2056 3831,2071 3472,1919 2906,1989 1364,1912"/>
                <Baseline points="1386,2049 1475,2037 1565,2037 1654,2043 1744,2043 1834,2043 1923,2043 2013,2049 2102,2043 2192,2043 2282,2043 2371,2043 2461,2043 2551,2043 2640,2043 2730,2043 2819,2043 2909,2043 2999,2043 3088,2043 3178,2043 3267,2037 3357,2037 3447,2043 3536,2043 3626,2043 3716,2043 3805,2055 3841,2055"/>
                <TextEquiv>
                    <Unicode>(aufatmend, ist damit beschäftigt auf das Gebetbuch</Unicode>
                </TextEquiv>
            </TextLine>
            <TextLine id="tr_1_tl_15" custom="readingOrder {index:14;}">
                <Coords points="1353,2263 3864,2285 3842,2122 1353,2122"/>
                <Baseline points="1374,2228 1463,2222 1553,2222 1642,2216 1732,2222 1822,2222 1911,2222 2001,2222 2091,2216 2180,2216 2270,2216 2359,2216 2449,2216 2539,2222 2628,2222 2718,2222 2807,2222 2897,2228 2987,2222 3076,2222 3166,2228 3256,2228 3345,2228 3435,2228 3524,2228 3614,2228 3704,2222 3793,2228 3871,2228"/>
                <TextEquiv>
                    <Unicode>einige Wäschestücke und dergleichen zu legen! Ah, Sie,</Unicode>
                </TextEquiv>
            </TextLine>
            <TextLine id="tr_1_tl_16" custom="readingOrder {index:15;}">
                <Coords points="1383,2418 3868,2437 3805,2289 1383,2304"/>
                <Baseline points="1403,2389 1493,2383 1583,2383 1672,2389 1762,2389 1852,2389 1941,2389 2031,2389 2120,2389 2210,2389 2300,2389 2389,2389 2479,2389 2568,2389 2658,2395 2748,2395 2837,2395 2927,2395 3017,2395 3106,2401 3196,2401 3285,2401 3375,2407 3465,2407 3554,2407 3644,2407 3733,2407 3823,2401 3877,2395"/>
                <TextEquiv>
                    <Unicode>Marie! Kommen Sie doch herein. (als fiele es ihr eben</Unicode>
                </TextEquiv>
            </TextLine>
            <TextLine id="tr_1_tl_17" custom="readingOrder {index:16;}">
                <Coords points="1342,2599 3893,2647 3853,2485 1342,2507"/>
                <Baseline points="1362,2574 1451,2574 1541,2574 1631,2574 1720,2574 1810,2574 1899,2574 1989,2574 2079,2574 2168,2574 2258,2574 2347,2574 2437,2574 2527,2574 2616,2568 2706,2574 2796,2574 2885,2574 2975,2574 3064,2574 3154,2574 3244,2574 3333,2574 3423,2574 3512,2574 3602,2580 3692,2574 3781,2580 3871,2574 3901,2580"/>
                <TextEquiv>
                    <Unicode>einl Richtig, ich habe ja zugesperrt. Nur einen Augen-</Unicode>
                </TextEquiv>
            </TextLine>
            <TextLine id="tr_1_tl_18" custom="readingOrder {index:17;}">
                <Coords points="1353,2747 1760,2836 3886,2817 3886,2714 3479,2633 1353,2662"/>
                <Baseline points="1374,2742 1463,2748 1553,2748 1642,2748 1732,2754 1822,2754 1911,2754 2001,2754 2091,2754 2180,2748 2270,2742 2359,2748 2449,2754 2539,2754 2628,2754 2718,2754 2807,2754 2897,2754 2987,2760 3076,2754 3166,2754 3256,2760 3345,2754 3435,2760 3524,2760 3614,2760 3704,2760 3793,2766 3883,2766 3895,2766"/>
                <TextEquiv>
                    <Unicode>blick. (sie schliesst die Lade, öffnet rasch ihre Elu-</Unicode>
                </TextEquiv>
            </TextLine>
            <TextLine id="tr_1_tl_19" custom="readingOrder {index:18;}">
                <Coords points="1353,2973 3919,3028 3919,2862 3816,2825 1353,2836"/>
                <Baseline points="1374,2927 1463,2921 1553,2921 1642,2927 1732,2927 1822,2933 1911,2933 2001,2927 2091,2927 2180,2921 2270,2921 2359,2921 2449,2921 2539,2933 2628,2933 2718,2933 2807,2933 2897,2933 2987,2933 3076,2939 3166,2933 3256,2933 3345,2933 3435,2933 3524,2933 3614,2933 3704,2933 3793,2939 3883,2933 3925,2933"/>
                <TextEquiv>
                    <Unicode>se am Hals, eilt zur Türe, schliesst auf, lässt Marie ein</Unicode>
                </TextEquiv>
            </TextLine>
        </TextRegion>
        <TextRegion id="tr_2" custom="readingOrder {index:1;}">
            <Coords points="878,3050 3913,3050 3913,5094 878,5094"/>
            <TextLine id="tr_2_tl_1" custom="readingOrder {index:0;}">
                <Coords points="1342,3128 1420,3135 1438,3154 1468,3147 1512,3176 1571,3124 1601,3150 1638,3128 1727,3165 1727,3002 1686,3017 1642,3010 1594,3039 1549,3017 1479,3025 1461,3043 1420,3017 1342,3021"/>
                <Baseline points="1362,3112 1374,3112 1463,3100 1553,3100 1642,3100 1732,3106"/>
                <TextEquiv>
                    <Unicode>treten)</Unicode>
                </TextEquiv>
            </TextLine>
            <TextLine id="tr_2_tl_2" custom="readingOrder {index:1;}">
                <Coords points="887,3306 939,3302 961,3283 991,3306 1017,3283 1054,3283 1091,3309 1117,3287 1128,3294 1146,3283 1161,3298 1191,3291 1191,3206 1150,3195 1094,3209 1072,3187 1013,3198 887,3191"/>
                <Baseline points="908,3273 997,3273 1087,3273 1176,3273 1200,3273"/>
                <TextEquiv>
                    <Unicode>Marie:</Unicode>
                </TextEquiv>
            </TextLine>
            <TextLine id="tr_2_tl_3" custom="readingOrder {index:2;}">
                <Coords points="1361,3317 3853,3313 3853,3217 3472,3158 1982,3224 1361,3135"/>
                <Baseline points="1380,3291 1469,3279 1559,3279 1648,3279 1738,3279 1828,3279 1917,3279 2007,3279 2097,3279 2186,3279 2276,3279 2365,3285 2455,3285 2545,3291 2634,3285 2724,3285 2813,3285 2903,3285 2993,3291 3082,3285 3172,3285 3262,3291 3351,3291 3441,3291 3530,3291 3620,3291 3710,3291 3799,3297 3859,3303"/>
                <TextEquiv>
                    <Unicode>(die Tochter des Wirtes.24. einfach. sehr nett. hübsch:</Unicode>
                </TextEquiv>
            </TextLine>
            <TextLine id="tr_2_tl_4" custom="readingOrder {index:3;}">
                <Coords points="1342,3498 3191,3527 3191,3398 3021,3365 1342,3365"/>
                <Baseline points="1362,3465 1451,3459 1541,3453 1631,3459 1720,3459 1810,3459 1899,3459 1989,3465 2079,3465 2168,3465 2258,3465 2347,3465 2437,3465 2527,3465 2616,3465 2706,3465 2796,3459 2885,3459 2975,3459 3064,3459 3154,3465 3202,3471"/>
                <TextEquiv>
                    <Unicode>eine Zeitung in der Hand) Guten Abend.</Unicode>
                </TextEquiv>
            </TextLine>
            <TextLine id="tr_2_tl_5" custom="readingOrder {index:4;}">
                <Coords points="3524,3509 3542,3509 3553,3520 3572,3513 3587,3531 3649,3516 3672,3531 3712,3509 3731,3509 3738,3368 3686,3365 3664,3346 3638,3365 3612,3368 3583,3346 3557,3361 3531,3354"/>
                <Baseline points="3548,3471 3566,3471 3656,3465 3745,3465"/>
                <TextEquiv>
                    <Unicode>G.H.F.</Unicode>
                </TextEquiv>
            </TextLine>
            <TextLine id="tr_2_tl_6" custom="readingOrder {index:5;}">
                <Coords points="869,3661 891,3661 917,3638 976,3657 998,3642 1076,3646 1098,3631 1128,3649 1191,3642 1191,3564 1157,3568 1083,3509 1043,3539 991,3527 947,3550 869,3546"/>
                <Baseline points="890,3626 979,3626 1069,3626 1159,3626 1200,3626"/>
                <TextEquiv>
                    <Unicode>Elisa:</Unicode>
                </TextEquiv>
            </TextLine>
            <TextLine id="tr_2_tl_7" custom="readingOrder {index:6;}">
                <Coords points="1342,3690 3893,3720 3893,3550 3734,3524 1342,3557"/>
                <Baseline points="1362,3638 1451,3638 1541,3632 1631,3632 1720,3632 1810,3638 1899,3638 1989,3632 2079,3632 2168,3638 2258,3638 2347,3638 2437,3638 2527,3638 2616,3638 2706,3644 2796,3644 2885,3644 2975,3644 3064,3638 3154,3644 3244,3644 3333,3644 3423,3644 3512,3644 3602,3644 3692,3644 3781,3644 3871,3644 3901,3644"/>
                <TextEquiv>
                    <Unicode>(knöpft die Bluse wieder zu als würde sie eben mit dem</Unicode>
                </TextEquiv>
            </TextLine>
            <TextLine id="tr_2_tl_8" custom="readingOrder {index:7;}">
                <Coords points="1342,3853 3760,3864 3760,3746 3664,3720 1342,3723"/>
                <Baseline points="1362,3817 1451,3817 1541,3817 1631,3811 1720,3811 1810,3817 1899,3811 1989,3811 2079,3817 2168,3811 2258,3811 2347,3811 2437,3811 2527,3811 2616,3811 2706,3817 2796,3817 2885,3811 2975,3817 3064,3817 3154,3817 3244,3817 3333,3823 3423,3823 3512,3823 3602,3817 3692,3823 3769,3829"/>
                <TextEquiv>
                    <Unicode>Ankleiden fertig) Guten Abend, Fräulein Marie; ich</Unicode>
                </TextEquiv>
            </TextLine>
            <TextLine id="tr_2_tl_9" custom="readingOrder {index:8;}">
                <Coords points="1346,4056 1864,4089 2104,4004 2374,4086 2773,3986 3172,4115 3550,4119 3550,3942 3420,3905 1346,3916"/>
                <Baseline points="1368,3984 1457,3978 1547,3984 1636,3984 1726,3984 1816,3978 1905,3984 1995,3984 2085,3984 2174,3984 2264,3984 2353,3984 2443,3984 2533,3984 2622,3984 2712,3984 2801,3984 2891,3984 2981,3984 3070,3984 3160,3984 3250,3990 3339,3990 3429,3990 3518,3996 3560,3996"/>
                <TextEquiv>
                    <Unicode>dachte, Karl wäre schon von der Strecke zurück.</Unicode>
                </TextEquiv>
            </TextLine>
            <TextLine id="tr_2_tl_10" custom="readingOrder {index:9;}">
                <Coords points="865,4178 998,4182 1057,4215 1091,4215 1150,4256 1176,4252 1172,4086 1106,4101 1083,4078 1050,4078 1028,4097 995,4078 972,4082 932,4049 862,4064"/>
                <Baseline points="884,4158 973,4158 1063,4158 1153,4164 1182,4164"/>
                <TextEquiv>
                    <Unicode>Marie:</Unicode>
                </TextEquiv>
            </TextLine>
            <TextLine id="tr_2_tl_11" custom="readingOrder {index:10;}">
                <Coords points="1342,4226 1653,4174 2015,4285 2311,4223 2762,4245 2762,4093 2596,4056 2503,4097 2418,4049 2329,4104 1790,4045 1608,4104 1479,4049 1342,4071"/>
                <Baseline points="1362,4158 1451,4158 1541,4164 1631,4164 1720,4164 1810,4164 1899,4164 1989,4164 2079,4164 2168,4170 2258,4170 2347,4170 2437,4170 2527,4164 2616,4170 2706,4170 2766,4176"/>
                <TextEquiv>
                    <Unicode>Dazu ist's wohl noch zu früh.</Unicode>
                </TextEquiv>
            </TextLine>
            <TextLine id="tr_2_tl_12" custom="readingOrder {index:11;}">
                <Coords points="1331,4385 2866,4437 2866,4263 2769,4230 2666,4278 1594,4278 1446,4208 1331,4256"/>
                <Baseline points="1350,4343 1439,4337 1529,4337 1619,4343 1708,4343 1798,4343 1887,4343 1977,4349 2067,4343 2156,4343 2246,4349 2335,4343 2425,4349 2515,4349 2604,4349 2694,4349 2784,4349 2873,4349"/>
                <TextEquiv>
                    <Unicode>Freilich. Wie spät ist es denn?</Unicode>
                </TextEquiv>
            </TextLine>
            <TextLine id="tr_2_tl_13" custom="readingOrder {index:12;}">
                <Coords points="873,4448 891,4448 932,4407 972,4411 995,4389 1039,4411 1061,4389 1113,4407 1161,4400 1180,4374 1198,4374 1198,4256 1143,4271 1117,4256 1050,4267 1006,4248 998,4260 932,4260 917,4248 895,4278 869,4274"/>
                <Baseline points="890,4343 979,4343 1069,4343 1159,4349 1206,4355"/>
                <TextEquiv>
                    <Unicode>Elisa:</Unicode>
                </TextEquiv>
            </TextLine>
            <TextLine id="tr_2_tl_14" custom="readingOrder {index:13;}">
                <Coords points="2973,4430 3036,4444 3124,4404 3172,4433 3239,4419 3272,4448 3294,4433 3368,4452 3442,4419 3442,4271 3405,4282 3361,4260 3328,4289 3176,4234 3128,4256 3099,4230 3062,4252 2973,4230"/>
                <Baseline points="2993,4355 3082,4361 3172,4355 3262,4355 3351,4361 3441,4355 3453,4355"/>
                <TextEquiv>
                    <Unicode>est seine le</Unicode>
                </TextEquiv>
            </TextLine>
            <TextLine id="tr_2_tl_15" custom="readingOrder {index:14;}">
                <Coords points="865,4618 921,4626 947,4614 958,4629 976,4618 998,4637 1098,4603 1131,4622 1180,4614 1180,4426 1139,4419 1102,4437 1050,4426 1013,4441 987,4426 865,4459"/>
                <Baseline points="884,4522 920,4516 1009,4516 1099,4516 1188,4516"/>
                <TextEquiv>
                    <Unicode>Marie:</Unicode>
                </TextEquiv>
            </TextLine>
            <TextLine id="tr_2_tl_16" custom="readingOrder {index:15;}">
                <Coords points="1335,4574 2618,4544 3516,4648 3856,4566 3856,4419 1335,4430"/>
                <Baseline points="1356,4516 1445,4522 1535,4522 1625,4522 1714,4522 1804,4522 1893,4522 1983,4522 2073,4522 2162,4522 2252,4528 2341,4528 2431,4522 2521,4528 2610,4528 2700,4522 2790,4528 2879,4522 2969,4522 3058,4528 3148,4528 3238,4528 3327,4528 3417,4528 3506,4528 3596,4528 3686,4528 3775,4534 3865,4540"/>
                <TextEquiv>
                    <Unicode>Eben ist der Schnellzug aus der Station fortgefahren.</Unicode>
                </TextEquiv>
            </TextLine>
            <TextLine id="tr_2_tl_17" custom="readingOrder {index:16;}">
                <Coords points="1324,4773 2633,4785 2762,4766 2762,4578 2451,4637 2259,4589 1324,4626"/>
                <Baseline points="1344,4701 1433,4701 1523,4701 1613,4701 1702,4701 1792,4701 1881,4701 1971,4701 2061,4701 2150,4701 2240,4701 2330,4701 2419,4701 2509,4701 2598,4707 2688,4707 2772,4713"/>
                <TextEquiv>
                    <Unicode>Es muss fünf Uhr vorbei sein.</Unicode>
                </TextEquiv>
            </TextLine>
            <TextLine id="tr_2_tl_18" custom="readingOrder {index:17;}">
                <Coords points="3350,4748 3413,4755 3457,4725 3476,4744 3516,4733 3564,4759 3624,4759 3624,4626 3594,4622 3513,4651 3483,4633 3457,4644 3431,4633 3409,4644 3383,4622 3350,4633"/>
                <Baseline points="3369,4713 3459,4713 3548,4713 3632,4713"/>
                <TextEquiv>
                    <Unicode>sur, une</Unicode>
                </TextEquiv>
            </TextLine>
            <TextLine id="tr_2_tl_19" custom="readingOrder {index:18;}">
                <Coords points="858,4925 887,4932 950,4892 987,4914 1072,4895 1091,4903 1102,4892 1180,4895 1180,4792 1065,4807 1046,4792 987,4788 965,4766 880,4792 858,4785"/>
                <Baseline points="878,4881 920,4875 1009,4875 1099,4875 1188,4875"/>
                <TextEquiv>
                    <Unicode>Elisa:</Unicode>
                </TextEquiv>
            </TextLine>
            <TextLine id="tr_2_tl_20" custom="readingOrder {index:19;}">
                <Coords points="1335,4955 3905,4981 3871,4792 1335,4766"/>
                <Baseline points="1356,4887 1445,4887 1535,4887 1625,4881 1714,4887 1804,4881 1893,4881 1983,4881 2073,4881 2162,4881 2252,4881 2341,4881 2431,4881 2521,4881 2610,4881 2700,4881 2790,4881 2879,4881 2969,4881 3058,4881 3148,4881 3238,4887 3327,4893 3417,4887 3506,4893 3596,4887 3686,4887 3775,4893 3865,4887 3913,4898"/>
                <TextEquiv>
                    <Unicode>(zerstreut) Sind viel Leute angekommen? Wenn er sein</Unicode>
                </TextEquiv>
            </TextLine>
            <TextLine id="tr_2_tl_21" custom="readingOrder {index:20;}">
                <Coords points="858,5073 884,5077 913,5103 1002,5077 1017,5091 1054,5080 1091,5095 1128,5084 1168,5095 1168,4992 1065,4962 1032,4995 1002,4973 976,4973 910,4921 884,4932 854,4925"/>
                <Baseline points="878,5066 967,5060 1057,5066 1147,5066 1176,5066"/>
                <TextEquiv>
                    <Unicode>Marie:</Unicode>
                </TextEquiv>
            </TextLine>
            <TextLine id="tr_2_tl_22" custom="readingOrder {index:21;}">
                <Coords points="1320,5110 3627,5084 3849,5162 3845,4988 3757,4966 1904,5010 1316,4940"/>
                <Baseline points="1338,5066 1427,5066 1517,5066 1607,5066 1696,5066 1786,5066 1875,5072 1965,5066 2055,5066 2144,5066 2234,5066 2324,5066 2413,5066 2503,5066 2592,5066 2682,5066 2772,5072 2861,5072 2951,5072 3040,5072 3130,5072 3220,5072 3309,5072 3399,5072 3489,5072 3578,5072 3668,5078 3757,5078 3847,5084 3859,5084"/>
                <TextEquiv>
                    <Unicode>Bei uns ist jedenfalls niemand abgestiegen. Uebrigens</Unicode>
                </TextEquiv>
            </TextLine>
        </TextRegion>
    </Page>
</PcGts>
