<?xml version="1.0" encoding="UTF-8" standalone="yes"?>
<PcGts xmlns="http://schema.primaresearch.org/PAGE/gts/pagecontent/2013-07-15" xmlns:xsi="http://www.w3.org/2001/XMLSchema-instance" xsi:schemaLocation="http://schema.primaresearch.org/PAGE/gts/pagecontent/2013-07-15 http://schema.primaresearch.org/PAGE/gts/pagecontent/2013-07-15/pagecontent.xsd">
    <Metadata>
        <Creator>prov=READ-COOP:name=TrHtr:version=2.1.0:model_id=51170:date=15_08_2023_03:31</Creator>
        <Created>2023-05-10T14:58:41.097+02:00</Created>
        <LastChange>2023-08-15T03:31:02.542+02:00</LastChange>
        <TranskribusMetadata docId="1428696" pageId="55428247" pageNr="88" tsid="132838424" status="IN_PROGRESS" userId="64420" imgUrl="https://files.transkribus.eu/Get?id=YWDQTJVVLQMXRLZWYVBFJGCY&amp;fileType=view" xmlUrl="https://files.transkribus.eu/Get?id=ECZLAWGQZZEEFYKQCWPZKVZM" imageId="44702320"/>
    </Metadata>
    <Page imageFilename="1428696_0088.jpg" imageWidth="4088" imageHeight="5656">
        <ReadingOrder>
            <OrderedGroup id="ro_1711808510967" caption="Regions reading order">
                <RegionRefIndexed index="0" regionRef="tr_1"/>
                <RegionRefIndexed index="1" regionRef="tr_2"/>
            </OrderedGroup>
        </ReadingOrder>
        <TextRegion id="tr_1" custom="readingOrder {index:0;}">
            <Coords points="924,451 3949,451 3949,2849 924,2849"/>
            <TextLine id="tr_1_tl_1" custom="readingOrder {index:0;}">
                <Coords points="3312,541 3341,547 3366,534 3373,541 3398,538 3418,522 3434,525 3446,512 3475,518 3475,419 3437,422 3418,410 3386,429 3376,422 3350,429 3334,413 3312,416"/>
                <Baseline points="3329,507 3418,501 3484,507"/>
                <TextEquiv>
                    <Unicode>11</Unicode>
                </TextEquiv>
            </TextLine>
            <TextLine id="tr_1_tl_2" custom="readingOrder {index:1;}">
                <Coords points="1360,771 3808,730 3811,576 1363,614"/>
                <Baseline points="1378,739 1396,733 1485,733 1575,733 1664,727 1754,727 1843,727 1933,721 2022,721 2112,715 2201,715 2291,709 2380,709 2470,709 2559,709 2649,704 2738,704 2828,698 2917,698 3006,692 3096,692 3185,692 3275,686 3364,686 3454,686 3543,680 3633,674 3722,674 3812,686"/>
                <TextEquiv>
                    <Unicode>schöneres Zimmer bei Ihnen. Oder wer weiss, wir wohn-</Unicode>
                </TextEquiv>
            </TextLine>
            <TextLine id="tr_1_tl_3" custom="readingOrder {index:2;}">
                <Coords points="1366,957 2957,877 3306,938 3898,880 3901,774 1370,774"/>
                <Baseline points="1384,900 1402,906 1491,906 1581,906 1670,900 1760,894 1849,894 1939,894 2028,894 2118,888 2207,888 2297,883 2386,883 2475,877 2565,877 2654,877 2744,871 2833,871 2923,871 3012,865 3102,865 3191,865 3281,859 3370,853 3460,853 3549,853 3639,853 3728,853 3818,853 3907,859"/>
                <TextEquiv>
                    <Unicode>ten gar drüben beim Schwarzen Adler, wie die wirklichen</Unicode>
                </TextEquiv>
            </TextLine>
            <TextLine id="tr_1_tl_4" custom="readingOrder {index:3;}">
                <Coords points="1360,1139 1478,1146 1638,1094 1747,1152 1878,1104 1907,1133 2029,1107 2160,1130 2186,960 2106,934 1834,992 1702,947 1568,1011 1446,960 1363,970"/>
                <Baseline points="1378,1091 1390,1085 1479,1085 1569,1079 1658,1079 1748,1079 1837,1079 1927,1073 2016,1067 2106,1067 2195,1067"/>
                <TextEquiv>
                    <Unicode>Herrn Ingenieure.</Unicode>
                </TextEquiv>
            </TextLine>
            <TextLine id="tr_1_tl_5" custom="readingOrder {index:4;}">
                <Coords points="1373,1315 3578,1270 3846,1222 3850,1117 3302,1043 2374,1158 1376,1133"/>
                <Baseline points="1390,1276 1437,1264 1527,1258 1616,1264 1706,1258 1795,1258 1885,1258 1974,1258 2064,1252 2153,1252 2243,1246 2332,1240 2422,1240 2511,1235 2601,1235 2690,1229 2780,1229 2869,1229 2959,1223 3048,1223 3138,1217 3227,1217 3317,1211 3406,1211 3496,1211 3585,1211 3675,1205 3764,1205 3854,1205"/>
                <TextEquiv>
                    <Unicode>(hat sich ihr gegenüber gesetzt) Das könnt ich Ihnen</Unicode>
                </TextEquiv>
            </TextLine>
            <TextLine id="tr_1_tl_6" custom="readingOrder {index:5;}">
                <Coords points="912,1299 998,1302 1082,1338 1123,1328 1213,1366 1216,1104 1190,1104 1149,1142 1085,1146 1050,1171 912,1184"/>
                <Baseline points="930,1276 1020,1270 1109,1270 1199,1270 1217,1276"/>
                <TextEquiv>
                    <Unicode>Marie:</Unicode>
                </TextEquiv>
            </TextLine>
            <TextLine id="tr_1_tl_7" custom="readingOrder {index:6;}">
                <Coords points="1373,1472 3552,1466 3939,1402 3942,1306 1376,1347"/>
                <Baseline points="1390,1443 1443,1437 1533,1437 1622,1431 1712,1425 1801,1425 1891,1425 1980,1425 2070,1419 2159,1419 2249,1419 2338,1414 2428,1414 2517,1414 2607,1408 2696,1408 2786,1402 2875,1402 2965,1402 3054,1396 3144,1396 3233,1396 3323,1390 3412,1390 3502,1390 3591,1390 3681,1384 3770,1384 3860,1378 3949,1384"/>
                <TextEquiv>
                    <Unicode>nicht übel nehmen, Frau Elisa. Bei uns sieht es freilich</Unicode>
                </TextEquiv>
            </TextLine>
            <TextLine id="tr_1_tl_8" custom="readingOrder {index:7;}">
                <Coords points="1373,1638 3734,1597 3789,1498 1376,1542"/>
                <Baseline points="1390,1616 1467,1610 1557,1604 1646,1604 1736,1604 1825,1598 1915,1598 2004,1598 2094,1598 2183,1592 2273,1592 2362,1592 2452,1587 2541,1587 2631,1581 2720,1581 2810,1581 2899,1575 2989,1575 3078,1569 3168,1569 3257,1569 3347,1569 3436,1569 3526,1563 3615,1563 3705,1563 3794,1563"/>
                <TextEquiv>
                    <Unicode>nicht sehr vornehm aus. Aber im nächsten Jahre will</Unicode>
                </TextEquiv>
            </TextLine>
            <TextLine id="tr_1_tl_9" custom="readingOrder {index:8;}">
                <Coords points="1386,1808 1558,1846 1677,1798 1846,1846 2061,1789 2125,1821 2160,1786 2365,1814 2406,1808 2410,1706 2096,1674 1990,1706 1837,1686 1760,1728 1389,1674"/>
                <Baseline points="1402,1789 1425,1783 1515,1783 1604,1777 1694,1777 1783,1771 1873,1771 1962,1771 2052,1771 2141,1771 2231,1766 2320,1766 2410,1766"/>
                <TextEquiv>
                    <Unicode>der Vater renovieren.</Unicode>
                </TextEquiv>
            </TextLine>
            <TextLine id="tr_1_tl_10" custom="readingOrder {index:9;}">
                <Coords points="1376,2003 3376,1939 3334,1802 2125,1827 1830,1901 1382,1805"/>
                <Baseline points="1396,1962 1414,1962 1503,1962 1592,1962 1682,1962 1771,1956 1861,1962 1950,1956 2040,1950 2129,1950 2219,1950 2308,1944 2398,1944 2487,1939 2577,1939 2666,1939 2756,1933 2845,1933 2935,1927 3024,1927 3114,1927 3203,1921 3293,1921 3382,1927"/>
                <TextEquiv>
                    <Unicode>Aufrichtig gesagt, es könnte nicht schaden,</Unicode>
                </TextEquiv>
            </TextLine>
            <TextLine id="tr_1_tl_11" custom="readingOrder {index:10;}">
                <Coords points="906,2006 966,2010 979,1997 1005,2016 1050,1997 1078,2006 1130,1981 1216,1987 1216,1882 1136,1904 1120,1920 1053,1894 1034,1907 960,1894 944,1910 906,1910"/>
                <Baseline points="924,1980 954,1974 1044,1974 1133,1974 1223,1974"/>
                <TextEquiv>
                    <Unicode>Elisa:</Unicode>
                </TextEquiv>
            </TextLine>
            <TextLine id="tr_1_tl_12" custom="readingOrder {index:11;}">
                <Coords points="1379,2163 3827,2147 3862,2003 1379,2032"/>
                <Baseline points="1396,2141 1449,2141 1539,2135 1628,2135 1718,2135 1807,2129 1897,2129 1986,2123 2076,2123 2165,2129 2255,2129 2344,2123 2434,2118 2523,2112 2613,2112 2702,2112 2792,2106 2881,2106 2971,2106 3060,2106 3150,2100 3239,2100 3329,2094 3418,2094 3508,2094 3597,2094 3687,2088 3776,2094 3866,2094"/>
                <TextEquiv>
                    <Unicode>Ihnen kann's wohl gleich sein, denk ich. Sie kommen ja</Unicode>
                </TextEquiv>
            </TextLine>
            <TextLine id="tr_1_tl_13" custom="readingOrder {index:12;}">
                <Coords points="918,2202 957,2202 989,2179 1030,2205 1075,2186 1120,2205 1162,2173 1197,2192 1222,2189 1222,2067 1187,2064 1168,2083 1133,2064 1078,2099 1062,2083 1040,2090 1008,2074 989,2074 966,2096 918,2080"/>
                <Baseline points="936,2153 1026,2147 1115,2147 1205,2147 1229,2153"/>
                <TextEquiv>
                    <Unicode>Marie:</Unicode>
                </TextEquiv>
            </TextLine>
            <TextLine id="tr_1_tl_14" custom="readingOrder {index:13;}">
                <Coords points="1386,2355 1459,2330 1613,2365 1683,2333 1731,2362 1958,2314 2250,2352 2256,2163 2070,2198 2013,2250 1722,2240 1645,2205 1475,2243 1389,2224"/>
                <Baseline points="1402,2308 1455,2314 1545,2314 1634,2314 1724,2308 1813,2302 1903,2302 1992,2302 2082,2297 2171,2297 2261,2302"/>
                <TextEquiv>
                    <Unicode>doch nicht wieder.</Unicode>
                </TextEquiv>
            </TextLine>
            <TextLine id="tr_1_tl_15" custom="readingOrder {index:14;}">
                <Coords points="1386,2499 3440,2509 3933,2470 3936,2342 1386,2426"/>
                <Baseline points="1402,2493 1437,2487 1527,2487 1616,2487 1706,2487 1795,2481 1885,2481 1974,2475 2064,2475 2153,2475 2243,2475 2332,2470 2422,2464 2511,2464 2601,2464 2690,2464 2780,2464 2869,2464 2959,2464 3048,2458 3138,2452 3227,2446 3317,2446 3406,2446 3496,2440 3585,2440 3675,2440 3764,2440 3854,2440 3943,2434"/>
                <TextEquiv>
                    <Unicode>Kaum. Man wäre schliesslich lang genug da gewesen; sechs</Unicode>
                </TextEquiv>
            </TextLine>
            <TextLine id="tr_1_tl_16" custom="readingOrder {index:15;}">
                <Coords points="912,2547 973,2557 1037,2515 1114,2515 1136,2502 1194,2528 1232,2512 1232,2387 1171,2397 1136,2429 1091,2438 973,2387 912,2410"/>
                <Baseline points="930,2505 972,2499 1061,2499 1151,2499 1240,2499"/>
                <TextEquiv>
                    <Unicode>Elisa:</Unicode>
                </TextEquiv>
            </TextLine>
            <TextLine id="tr_1_tl_17" custom="readingOrder {index:16;}">
                <Coords points="1395,2688 3680,2685 3891,2624 3894,2538 1398,2573"/>
                <Baseline points="1414,2666 1485,2666 1575,2660 1664,2660 1754,2660 1843,2654 1933,2654 2022,2654 2112,2649 2201,2649 2291,2649 2380,2643 2470,2643 2559,2637 2649,2637 2738,2637 2828,2631 2917,2631 3006,2631 3096,2625 3185,2625 3275,2625 3364,2619 3454,2613 3543,2619 3633,2613 3722,2613 3812,2613 3901,2619"/>
                <TextEquiv>
                    <Unicode>Monate. Im nächsten Jahr werden Sie überhaupt bessere</Unicode>
                </TextEquiv>
            </TextLine>
            <TextLine id="tr_1_tl_18" custom="readingOrder {index:17;}">
                <Coords points="1392,2890 3936,2810 3891,2698 3619,2685 1395,2736"/>
                <Baseline points="1408,2839 1437,2839 1527,2839 1616,2833 1706,2833 1795,2833 1885,2828 1974,2828 2064,2828 2153,2828 2243,2822 2332,2822 2422,2822 2511,2816 2601,2816 2690,2810 2780,2810 2869,2810 2959,2810 3048,2804 3138,2804 3227,2804 3317,2798 3406,2798 3496,2792 3585,2792 3675,2792 3764,2792 3854,2786 3943,2792"/>
                <TextEquiv>
                    <Unicode>Kundschaft haben, wenn einmal die Bergbahn eröffnet ist.</Unicode>
                </TextEquiv>
            </TextLine>
        </TextRegion>
        <TextRegion id="tr_2" custom="readingOrder {index:1;}">
            <Coords points="936,2927 3955,2927 3955,5003 936,5003"/>
            <TextLine id="tr_2_tl_1" custom="readingOrder {index:0;}">
                <Coords points="1408,3056 3565,3034 3622,2886 1408,2934"/>
                <Baseline points="1425,3018 1479,3018 1569,3012 1658,3012 1748,3012 1837,3006 1927,3006 2016,3006 2106,3006 2195,3006 2285,3001 2374,3001 2464,2995 2553,2995 2643,2995 2732,2995 2822,2989 2911,2989 3001,2983 3090,2989 3180,2983 3269,2983 3358,2977 3448,2977 3537,2977 3627,2977"/>
                <TextEquiv>
                    <Unicode>Das soll ja noch heuer im Spätherbst geschehen.</Unicode>
                </TextEquiv>
            </TextLine>
            <TextLine id="tr_2_tl_2" custom="readingOrder {index:1;}">
                <Coords points="931,3072 960,3078 1037,3056 1085,3072 1110,3053 1136,3062 1146,3053 1178,3078 1232,3082 1235,2938 1200,2918 1101,2963 1078,2954 1053,2963 1024,2938 934,2931"/>
                <Baseline points="948,3030 1038,3024 1127,3024 1217,3024 1240,3030"/>
                <TextEquiv>
                    <Unicode>Marie:</Unicode>
                </TextEquiv>
            </TextLine>
            <TextLine id="tr_2_tl_3" custom="readingOrder {index:2;}">
                <Coords points="1395,3219 3667,3152 3882,3216 3920,3043 1398,3123"/>
                <Baseline points="1414,3197 1419,3197 1509,3191 1598,3191 1688,3191 1777,3191 1867,3191 1956,3185 2046,3185 2135,3185 2225,3180 2314,3180 2404,3174 2493,3174 2583,3174 2672,3168 2762,3168 2851,3168 2941,3162 3030,3156 3120,3156 3209,3156 3299,3156 3388,3156 3478,3156 3567,3150 3657,3150 3746,3144 3836,3144 3925,3150"/>
                <TextEquiv>
                    <Unicode>Da ist dann das ganze Gesindel aus der Ortschaft fort.</Unicode>
                </TextEquiv>
            </TextLine>
            <TextLine id="tr_2_tl_4" custom="readingOrder {index:3;}">
                <Coords points="918,3242 970,3251 1011,3232 1043,3254 1098,3222 1139,3245 1152,3238 1187,3267 1222,3267 1222,3142 1098,3114 1062,3130 1037,3114 1024,3126 1011,3117 918,3136"/>
                <Baseline points="936,3209 960,3203 1050,3203 1139,3203 1229,3203"/>
                <TextEquiv>
                    <Unicode>Elisa:</Unicode>
                </TextEquiv>
            </TextLine>
            <TextLine id="tr_2_tl_5" custom="readingOrder {index:4;}">
                <Coords points="1414,3389 1578,3418 1731,3386 1898,3456 1981,3427 1984,3299 1933,3283 1914,3302 1808,3306 1744,3264 1712,3274 1645,3245 1574,3277 1549,3264 1485,3286 1462,3267 1418,3296"/>
                <Baseline points="1431,3370 1455,3370 1545,3370 1634,3370 1724,3370 1813,3370 1903,3358 1992,3358"/>
                <TextEquiv>
                    <Unicode>-Gesindel! -</Unicode>
                </TextEquiv>
            </TextLine>
            <TextLine id="tr_2_tl_6" custom="readingOrder {index:5;}">
                <Coords points="938,3408 966,3418 992,3402 1050,3427 1094,3418 1120,3440 1152,3424 1178,3434 1232,3418 1229,3283 1187,3277 1162,3296 1146,3283 1107,3302 1075,3280 1059,3296 992,3293 979,3306 934,3309"/>
                <Baseline points="954,3382 1044,3376 1133,3382 1223,3382 1240,3382"/>
                <TextEquiv>
                    <Unicode>Marie:</Unicode>
                </TextEquiv>
            </TextLine>
            <TextLine id="tr_2_tl_7" custom="readingOrder {index:6;}">
                <Coords points="1392,3571 3411,3565 3824,3530 3827,3386 3062,3446 2624,3382 1987,3488 1395,3437"/>
                <Baseline points="1408,3555 1414,3555 1503,3549 1592,3549 1682,3549 1771,3543 1861,3543 1950,3543 2040,3543 2129,3537 2219,3537 2308,3537 2398,3532 2487,3532 2577,3532 2666,3526 2756,3526 2845,3526 2935,3526 3024,3520 3114,3514 3203,3514 3293,3514 3382,3514 3472,3508 3561,3508 3651,3508 3740,3508 3830,3502"/>
                <TextEquiv>
                    <Unicode>Leute, die kein Geld haben, sind immer Gesindel. Dann</Unicode>
                </TextEquiv>
            </TextLine>
            <TextLine id="tr_2_tl_8" custom="readingOrder {index:7;}">
                <Coords points="944,3584 963,3581 976,3594 1024,3587 1110,3648 1210,3574 1245,3574 1248,3494 1203,3504 1184,3488 1158,3501 1133,3475 1072,3501 947,3453"/>
                <Baseline points="960,3567 984,3561 1073,3561 1163,3555 1252,3561"/>
                <TextEquiv>
                    <Unicode>Marie:</Unicode>
                </TextEquiv>
            </TextLine>
            <TextLine id="tr_2_tl_9" custom="readingOrder {index:8;}">
                <Coords points="1395,3741 3872,3722 3949,3533 3344,3616 2362,3574 1894,3677 1741,3594 1398,3619"/>
                <Baseline points="1414,3734 1449,3728 1539,3728 1628,3728 1718,3722 1807,3722 1897,3716 1986,3716 2076,3716 2165,3716 2255,3711 2344,3711 2434,3705 2523,3705 2613,3705 2702,3705 2792,3705 2881,3699 2971,3699 3060,3693 3150,3693 3239,3693 3329,3687 3418,3687 3508,3681 3597,3681 3687,3681 3776,3681 3866,3681 3955,3675"/>
                <TextEquiv>
                    <Unicode>werden Sie auch Ihre miserabelsten Löcher für Touristen</Unicode>
                </TextEquiv>
            </TextLine>
            <TextLine id="tr_2_tl_10" custom="readingOrder {index:9;}">
                <Coords points="1392,3962 3619,3930 3872,3885 3875,3747 1395,3853"/>
                <Baseline points="1414,3913 1461,3913 1551,3907 1640,3901 1730,3901 1819,3901 1909,3895 1998,3901 2088,3901 2177,3895 2267,3895 2356,3895 2446,3889 2535,3889 2625,3884 2714,3884 2804,3884 2893,3884 2983,3878 3072,3878 3162,3878 3251,3872 3341,3872 3430,3866 3520,3866 3609,3866 3699,3866 3788,3860 3878,3866"/>
                <TextEquiv>
                    <Unicode>zur Verfügung haben, und für einen Tag mehr verlangen</Unicode>
                </TextEquiv>
            </TextLine>
            <TextLine id="tr_2_tl_11" custom="readingOrder {index:10;}">
                <Coords points="1395,4115 3482,4058 3683,4122 3875,4086 3875,3917 1398,4032"/>
                <Baseline points="1414,4092 1467,4086 1557,4086 1646,4080 1736,4080 1825,4080 1915,4080 2004,4074 2094,4074 2183,4068 2273,4068 2362,4068 2452,4063 2541,4063 2631,4063 2720,4057 2810,4057 2899,4063 2989,4057 3078,4057 3168,4057 3257,4051 3347,4045 3436,4045 3526,4045 3615,4045 3705,4051 3794,4045 3884,4057"/>
                <TextEquiv>
                    <Unicode>können als jetzt für eine Woche. Und nebstbei - (sie</Unicode>
                </TextEquiv>
            </TextLine>
            <TextLine id="tr_2_tl_12" custom="readingOrder {index:11;}">
                <Coords points="1392,4310 3555,4243 3683,4320 3942,4275 3946,4122 1392,4182"/>
                <Baseline points="1408,4277 1443,4271 1533,4265 1622,4265 1712,4265 1801,4265 1891,4265 1980,4259 2070,4253 2159,4253 2249,4253 2338,4247 2428,4247 2517,4247 2607,4247 2696,4242 2786,4242 2875,4242 2965,4242 3054,4242 3144,4236 3233,4236 3323,4230 3412,4230 3502,4224 3591,4224 3681,4230 3770,4224 3860,4218 3949,4212"/>
                <TextEquiv>
                    <Unicode>steht aufl nebstbei wird man Ihnen nicht schuldig blei</Unicode>
                </TextEquiv>
            </TextLine>
            <TextLine id="tr_2_tl_13" custom="readingOrder {index:12;}">
                <Coords points="1421,4477 3885,4477 3949,4317 1424,4339"/>
                <Baseline points="1437,4444 1449,4444 1539,4444 1628,4444 1718,4432 1807,4432 1897,4432 1986,4432 2076,4426 2165,4426 2255,4426 2344,4426 2434,4420 2523,4420 2613,4420 2702,4420 2792,4415 2881,4415 2971,4415 3060,4415 3150,4409 3239,4409 3329,4409 3418,4409 3508,4403 3597,4403 3687,4403 3776,4403 3866,4397 3955,4391"/>
                <TextEquiv>
                    <Unicode>ben. Aber Ihr Vater soll nur keine Angst haben, Eh wir</Unicode>
                </TextEquiv>
            </TextLine>
            <TextLine id="tr_2_tl_14" custom="readingOrder {index:13;}">
                <Coords points="1414,4653 3760,4627 3786,4490 2733,4554 1658,4458 1418,4525"/>
                <Baseline points="1431,4623 1467,4623 1557,4617 1646,4617 1736,4617 1825,4617 1915,4611 2004,4611 2094,4611 2183,4605 2273,4605 2362,4599 2452,4599 2541,4599 2631,4594 2720,4599 2810,4594 2899,4594 2989,4594 3078,4594 3168,4588 3257,4588 3347,4588 3436,4582 3526,4582 3615,4582 3705,4582 3794,4582"/>
                <TextEquiv>
                    <Unicode>abreisen,wird alles bezahlt sein. Schlimmstenfalls</Unicode>
                </TextEquiv>
            </TextLine>
            <TextLine id="tr_2_tl_15" custom="readingOrder {index:14;}">
                <Coords points="1421,4864 1590,4813 1923,4858 1981,4826 2042,4864 2410,4819 2413,4694 2144,4707 2038,4675 1814,4723 1424,4698"/>
                <Baseline points="1437,4802 1521,4802 1610,4796 1700,4790 1789,4790 1879,4790 1968,4784 2058,4790 2147,4790 2237,4784 2326,4784 2416,4790"/>
                <TextEquiv>
                    <Unicode>schickt man's Ihnen.</Unicode>
                </TextEquiv>
            </TextLine>
            <TextLine id="tr_2_tl_16" custom="readingOrder {index:15;}">
                <Coords points="1402,5030 3699,5014 3869,4950 3872,4816 1405,4854"/>
                <Baseline points="1419,4987 1461,4981 1551,4981 1640,4981 1730,4975 1819,4969 1909,4969 1998,4969 2088,4969 2177,4963 2267,4957 2356,4957 2446,4957 2535,4957 2625,4957 2714,4957 2804,4951 2893,4951 2983,4946 3072,4946 3162,4946 3251,4940 3341,4940 3430,4940 3520,4934 3609,4934 3699,4934 3788,4934 3878,4934"/>
                <TextEquiv>
                    <Unicode>(kopfschüttelnd) Mein Vater hat von Ihnen noch immer</Unicode>
                </TextEquiv>
            </TextLine>
            <TextLine id="tr_2_tl_17" custom="readingOrder {index:16;}">
                <Coords points="944,5066 998,5050 1043,5075 1075,5053 1158,5069 1203,5040 1254,5050 1261,4890 1229,4874 1165,4886 1142,4867 1101,4861 1082,4838 1043,4858 1027,4842 1011,4851 989,4829 954,4826"/>
                <Baseline points="966,4993 996,4987 1085,4981 1175,4981 1264,4975"/>
                <TextEquiv>
                    <Unicode>Marie:</Unicode>
                </TextEquiv>
            </TextLine>
        </TextRegion>
    </Page>
</PcGts>
