3400 4088
200 360 286 496 8.
2573 270 2670 486 2
293 466 2899 742 dere wenn man sich die Ehemanner ansieht. - Aber was Sie
260 672 2823 885 da sagten, ist ganz richtig, für eine Maitresse muss man
263 776 2926 1079 sich eventuell ruinieren - ich sage Ihnen, was ich seiner-
313 919 2736 1195 zeit für Semulden gemacht habe für diese lächerliche
310 1125 2946 1341 kleine Flipini zum Beispiel, das grenzt ans Unbezahlbare.
326 1278 2913 1488 Und dann wieder, wenn man ein Verhältnis mit einem sege-
270 1351 2889 1628 nannten anständigen Mädel hat, was es da für Seherereien
290 1531 2963 1771 giebt.... na, Sie wissen ja!....Und man kann so vorsichtig
293 1714 2903 1927 sein, als man will, es kann doch immer was passieren. Da
293 1867 2906 2074 hab' ich einmal mit so einer Tischlermeisterstochter aus
303 1991 2966 2260 Mariahilf ein halbes Jahr gelebt - das war Ihnen jedesmal
373 2140 2966 2370 ein förmliches Martyrium. Sie hatte alle vier Wochen nur
326 2307 2843 2533 drei beruhigte Tage; und dann ist die Angst wieder von
346 2453 2636 2680 vorn angegangen. Daher stammt meine Neurasthenie."
383 2646 1218 2839 „Sie sind nervös?“
350 2653 2906 2983 "Enerm", sagte er., und zündete sich eine Zigarette an.
369 2806 2966 3129 "Darum", fuhr er fort, "soll man Gott auf den Knisen dan
353 2959 2919 3212 ken, wenn man einmal so ein Weiherl drankriegt, bei der
353 3149 3026 3362 man’s nicht nötig hat, Schulden zu machen, und wo schliem
406 3262 2929 3512 lieh ein kleines Malaeur gar kein Malheur ist, weil ja
419 3445 2037 3735 glücklicherweise ein Vater da ist."
