3400 4088
201 324 314 512 r
246 536 1461 765 „Sehr richtig“, sagte ich.
256 707 2929 898 "Nicht wahr, es ist für jeden vernünftigen Mensehen selbst
236 860 2905 1031 verständlich. Ueberhaupt wäre es das schönste Leben, wenn
249 1034 2137 1219 es keine überspannten Frauenzimmer gäbe.“
253 1154 2181 1352 "Jetzt fang' ich an, neugierig zu werden."
290 1304 2919 1485 "An, ich sag' Ihnen: man lernt nie aus. Denn man weiss nie
294 1502 2857 1645 im vorhinein, wie verrückt ein Weib sein kann. Man kann
256 1622 2929 1806 sehen mit den Tollsten zu tun gehabt haben, es findet sich
263 1772 2932 1936 immer eine, die noch toller ist. Ueberhaupt, lieber Doktor
263 1929 2909 2079 ich bin in der grössten Aufregung, und wie die Geschichte
270 2058 2905 2308 eigentlich ausgehn wird, davon hab' ich noch keine blasse
2236 2154 2615 2396 s/11.
249 2253 611 2434 Annung.
249 2352 2932 2567 Es ist da eine Frau, mit der ich seit drei oder vier Mena-
263 2489 2919 2683 ten... oder fünf - ich merk' mir das nie - eine Bandelei
263 2649 3001 2830 hab'. Eine sehr sympathische Person, und hat mich auch sehr
280 2765 2946 2984 gern. Alles ist aufs Beste eingerichtet: ein Mann, der die
266 2956 2949 3127 Eifersucht auch dem Namen nach nicht kennt, und sie soviel
263 3062 2970 3274 Zeit, als sie will. Und dabei hab' ich doch meine Freiheit
283 3236 2949 3465 sie ist die Bescheidenheit selbst. Sie fragt mich zum Bei-
304 3397 2854 3598 spiel: "Wann sehn wir uns wieder?“ Ich darauf: "In acht
