3384 4088
260 388 2846 705 Mann die Freud", sag' ich ihr, "und" - weil ich mich im-
263 523 2941 830 mer in diesen Sachen so mehr scherzweise ausdrücken - "und"
293 654 2924 975 sag' ich also, "gestatte ihm wieder einmal, deinen holden
253 884 2830 1187 Leib zu berühren.“ Dabei hält sie meine Hände noch immer
260 992 2850 1302 fest, beinahe krampfhaft, und ich explizier' ihr weiter:
283 1133 2998 1508 "Da bist du auf einmal die ganze Aufregung les, und sehlies
293 1322 2934 1599 lich hätt's ja doch einmal über kurz oder lang kommen müs-
297 1447 2941 1781 sen. Es ist ja doch dein Mann, und was ist denn weiter da-
314 1595 3015 1916 bei?... Na, und jetzt hätten Sie sie sehn sollen. Sie wer-
327 1764 2958 2061 den zugestehn: man kann nicht vernünftiger mit einem Weib
324 1882 2975 2216 reden - aber da hätten Sie die sympathische Dame sehn sol-
347 2044 3062 2374 len! Sie lässt meine Hände los, spricht kein Wort, schlieft
361 2233 2857 2509 in ihre Jacke, nimmt den Hut, setzt ihn auf - ich frag
418 2334 3002 2658 sie: "Was hast du denn? So sei doch nicht kindisch! Mach
418 2486 3045 2846 doch keine Dummheiten!“, sie erwidert nichts, und wie sie
442 2607 3035 2941 angezogen ist, geht sie zur Tür. Ich Ihr nach, nehm' sie
408 2789 3002 3099 bei den Armen und will ihr weiter zureden. In dem Moment
452 2937 3133 3275 reisst sie sich los und haut mich so ins Gesicht, dass ich
425 3042 3106 3406 förmlich den Atem verlier', schlagt die Tür hinter sich zu
432 3194 3049 3501 und ist auf und daven... Ist Ihnen je so etwas vorgekom-
476 3561 728 3713 men?“
