3400 4088
297 526 2857 793 so witzig angedeutet haben. Ihrem Mann errötend ins Ohr
297 762 1582 968 zu flüstern, und so weiter."
354 890 1052 1022 „Nun, und sie?“
314 998 2975 1244 "Jetzt passen Sie auf! - Sie schaut mir lange ins Gesicht
310 1153 2816 1356 so, mit grossen ernsten Augen, als wenn sie mich nicht
314 1339 2900 1504 verstanden hätte -, dann sagt sie: "Meinem Mann?... das
351 1460 2816 1686 soll ich meinem Mann sagen?....“ Darauf antworte ich:
310 1639 2873 1781 Ja, was sollst du denn andres tun? Du musst'a ihm doch
354 1781 2961 1980 sagen! Was ist denn da weiter dabei? Er wird sicher eine
314 1932 2981 2148 Risenfreud' haben. Es wär' ja euer Erstes. “ Man kann doch
307 2064 3018 2341 nicht vernünftiger mit einer Person sprechen - nicht wahr'
327 2229 877 2459 „Unmöglich.“
344 2347 2867 2614 Sie schaut mich darauf wieder grossmächtig an und sagt
314 2513 2937 2735 mir... aber mit Zittern in der Stimme sagt sie mir: "Ja
357 2641 2941 2914 was glaubst du denn, Paul, ist das dein Ernst?“ Ich hab
337 2796 2890 3089 sie nicht recht verstanden und fang' wieder an, so mehr
337 2951 2985 3221 seher zweise: "Aber ich bitt' dich, Kind, je früher du ihm
341 3076 2948 3329 das helde Geheimnis verrätst...“ Jetzt schreit die Ihnen
344 3207 2914 3453 aber förmlich: "Was, Paul, du kannst glauben, dass mein
388 3362 3022 3565 Mann mich berührt hat, seit wir Zwei uns kennen?“ Und da-
344 3501 2907 3784 bei ein Blick -?... Na jetzt, wissen Sie, das erzählen
