3416 4088
290 553 2846 806 einem ja die Veiber meistens... aber in diesem Fall hab'
327 720 2953 976 ich’s glauben müssen, wie Sie einsehn. Und es ist eigent-
283 880 2923 1130 lich merkwürdig, wie Ihnen Männer sind: es hat mich teil-
293 1053 2933 1303 weise geärgert wegen der Ungelegenheiten, aber es hat mir
353 1160 2946 1453 doch eigentlich auch geschmeichelt, weil ja das wirklich
350 1306 2966 1596 schön von einer Frau ist, wenn sie einen so ausserordent-
340 1523 1646 1770 lich gern hat - nicht wahr?“
327 1730 543 1926 "Ja."
333 1706 2896 2049 "Also nun war ich riesig freundlich mit ihr und zärlich
360 1916 2926 2206 und hab' sie auf die Stirn geküsst - und hab.' so die ge
333 2063 2889 2386 wissen Bemerkungen gemacht; aber sie ist doch immerfort
377 2223 2963 2519 recht still geblieben und hat mich mit ihren grossen Au-
380 2353 2893 2636 gen so ernst angesenn. - Und dann fangt sie wieder an:
370 2489 2826 2779 “Was werd’ ich nur machen?... Gieb mir doch einen Rat
353 2653 2923 2966 Paul!... Du weisst, wie lieb ich dich habe." Sie können
410 2793 3039 3086 sieh denken, gemütlich war die Situation eigentlich nicht
357 2943 2986 3219 für mich. Edlich kommt mir ein rettender Gedanke, und so
377 3106 2963 3386 naheliegend, so selbstverständlich, dass ich eigentlich
387 3236 3069 3552 hab' laehen müssen. "Weisst du vas," sag' ich ihr, "es ist
400 3412 3049 3702 ja ein wahres Glück, dass du verheiratet bist.“ Sie fasst
393 3529 2969 3809 mich bei den Händen und hört gespannt zu. “Mäch‘ deinem
