3384 4088
287 517 2963 786 Tagen um fünf Uhr Nachmittag.“ Sie nicht mit dem Kopf, und
303 773 2903 893 es ist sehen alles in Ordnung. Oder ich sag' ihr: Morgen
287 853 2956 1073 um fünf Uhr." Ist auch gut. Natürlich, die Nachmittagsstun-
297 1036 2823 1230 den müssen es immer sein. Abel### muss sie ja doch nach
350 1156 2869 1346 Haus; das ist eigentlich das einzige Missliche bei den
310 1336 2896 1530 verheirateten Frauen... andrerseits hat es auch sein Gu-
307 1526 557 1700 tes."
290 1676 743 1856 Also - p
330 1746 2949 1960 "Ja. - Diese bescheinen, sympathische und bildhübsche Da-
357 1943 2869 2139 me, die war heut Nachmittag wieder bei mir. Sehön. Mir
323 2096 2916 2303 fällt auf, dass sie ein wenig stiller ist als hanst. Sie
337 2246 2926 2436 ist von Natur etwas still. - Also ich frag' sie, sie tut
327 2366 2799 2623 anfangs, als wenn gar nichts wär',- endlich rückt sie
380 2543 2309 2743 doch heraus... Nun, was glauben Sie?....
343 2649 3006 2829 *Nun, wahrscheinlich, was man seinem Mann hocherrötend mit
357 2803 2983 3033 einem glücklichen Lächeln ins Ohr zu flüstern pflegt, wie
347 2973 1753 3173 die Familienblätter behaupten.
353 3093 2946 3293 .Ja, ganz richtig. - Sie können sich denken, was ich ihr
367 3283 1220 3452 drauf gesagt habe.
380 3432 953 3599 “Nicht ganz.“
377 3502 3039 3782 "Nun, ich habe ihr geraten, das zu tun, was Sie jetzt eben
