3400 4088
2445 254 2863 532 30/I. 94.
432 385 2161 589 Geschichte von einer verrückten Dame.
488 522 3101 776 "Man lernt nie aus", sagte neulich Herr Paul Weidmann im
438 662 3118 927 Kaffeehaus, während er seinen Ueberzieher dem Kellner gab.
445 809 3104 1054 Dann setzte er sich an den Tisch zu mir und liess sich ei¬
452 993 1274 1191 nen Cognae geben.
482 1084 3054 1338 "Warum sagen Sie mir das?“ fragte ich ihn und legte höf-
478 1308 1468 1485 lich die Zeitung weg.
505 1435 3054 1619 "Ich sage Ihnen das desshalb, weil Sie sich gewiss auch
498 1559 3087 1780 einbilden, dass Sie die Weiber bis auf den Grund kennen,
492 1746 3154 1927 und weil man in dieser Beziehung doch noch immer etwas Un-
552 1836 2462 2017 erwartetes und Unerhörtes zu erleben hat.
241 1977 2800 2218 Paul! hat mich stets seines Vertrauens gewürdigt. Sehen
254 2084 2867 2315 hundert Liebesgeschichten hab ich von ihm angehört; ich
301 2234 1141 2439 bin daran gewöhnt.
278 2372 1465 2569 „Erzählen Sie“, sagte dik.
268 2492 2900 2683 "Warum", begann er, "haben wir jungen Leute eine so beson-
268 2622 2050 2847 dere Vorliebe für verheiratete Frauen?
318 2673 3004 2980 Neun", sagte ich, in der Absicht, ihn zu beleidigen, "weil
288 2873 2646 3131 es die bequemsten und sichersten Verhältnisse sind.
298 3021 2883 3298 "Ganz richtig", sagte er so befriedigt, als hätte ich ihm
351 3181 2927 3435 eine Schmeiehelei gesagt. "Denn dass bei einer verheira-
348 3325 2907 3569 teten Frau die Eitelkeit stärker befriedigt sein sollte
308 3482 2964 3763 als in einem anderen Falle, seh' ich nicht ein. Insbesen-
