3320 3928
2433 353 2887 548 14/II.94.
266 541 1824 755 Die Braut : s. Skizze: als Drama.
259 700 2864 907 Im 1. Akt zu schildern, wie X ihre Liebessehnsucht durch
262 878 2715 1079 die tiefe Zärtlichkeit zu dem einen Mann gemildert
269 1047 522 1218 wird.
314 1166 2524 1367 :Ihre Mutter ist vom Vater davongejagt worden?
269 1309 2676 1539 Ein Bruder, der keusch lebt und desshalb von seinen
275 1471 2702 1685 Freunden verlacht wird. Sie wird dadurch zu der Ver-
275 1656 2773 1827 mutung gebracht, dass die Keuschheit etwas Unsinniges
285 1782 1471 1970 und Widernatürliches ist.
285 1931 2790 2125 Eine Freundin, die ins Konservatorium geht und nun ei-
327 2103 2696 2268 nen Geliebten hat; ihren Eltern davongelaufen. Bfe
305 2249 2654 2440 Friedas Eltern darf man nichts davon wissen, daher
305 2420 1798 2602 verkehrt sie noch immer bei ihr.
305 2540 2871 2783 Am Schluss des I.Aktes verlobt sich Frieda mit dem jun-
305 2773 752 2916 gen Mann.
311 2858 2793 3046 Im II. Akt merkt Frieda, dass sie sich getäuscht habe,
324 3007 2803 3227 dass sie das gleiche Schicksal in sich fühlt wie frü-
321 3175 2825 3366 her. Sie fühlt die Verpflichtung, das ihrem Bräutigam
318 3315 2631 3558 zu sagen, damit er von der Verlobung zurücktrete.
324 3535 1610 3713 Die Freundin lacht sie aus,
