3336 3976
2566 252 2665 395 2
296 379 2693 618 Die Freundin hat diesen Abend eine Gesellschaft bei
303 545 1999 768 sich und verlässt daher Frieda bald.
300 669 2850 880 Der Bräutigam. Frieda gesteht ihm ihre Veranlagung und
312 867 2840 1074 giebt ihm sein Wort zurück. Er versucht sie zu überre-
319 1033 2846 1221 den, dass sie sich jetzt täuscht. Da alles versagt, so
312 1183 2738 1361 will er wenigstens der Erste sein. Da fasst sie ein
312 1332 2244 1546 Widerwille gegen ihn und sie läuft davon.
316 1485 2866 1667 Der III.Akt bei der Freundin, wo Gesellschaft ist; ihr
325 1664 2853 1833 Geliebter und Andere. Irgend einem, den sie heute ken-
322 1823 1750 2030 nen lernt, giebt sie sich hin.
332 2120 2888 2273 Daraufhin anzulegen, dass sie den grossen Ekel vor dem
325 2260 2888 2429 Mann empfindet, dem es gleichgiltig ist, ob er sie als
335 2432 1677 2626 Weib oder als Dirne besitzt.
