6488 4152
847 2259 1023 2414 G.C.H.P.
752 2374 1067 2567 G.H.F.P.
603 2530 884 2723 G.H.F.P.
3972 457 6204 752 Lilly: Das kann nochnicht der Omnibus sein.
3979 670 6102 887 (sie lauft nach rückwärts) Der Wagen vom
3962 819 5130 1050 Doktor (wieder zurüch).
3955 989 6136 1172 Felix: Aber in fünf Minuten ist er da. Und
3962 1161 6129 1321 man hat eigentlich wieder gar nichts mit-
3979 1297 6048 1510 einander geredet, muss jetzt wieder acht
5371 1429 5797 1598 Et murs
4808 1436 5266 1537 mildem.
3972 1432 5503 1612 oder vierzehn Tage auskommen.
3959 1595 6028 1785 Lilly: So bleib doch da... Eil der ein Te
3962 1757 5086 1930 Felix: Geht ja nicht.
5706 1774 6336 2022 selt der Herr
3955 1896 5919 2110 Lilly Wenigstens noch bis Mittag. Es
4131 2052 4412 2154 at the X
3647 2072 3891 2276 die
3955 2042 6136 2232 könnt sich ja auch der Zug verspäten
3955 2208 4805 2414 oder entgleisen.
3955 2330 6163 2560 Felix: Wir haben ihn doch vor vierzehn Ta-
3942 2543 6075 2729 gen entgleisen lassen, so einen Schwindel
3400 2682 6119 2939 Morgen kann man nicht zweimal aufführen. Und gar
4714 2807 5266 2936 des cotteils
3515 2861 3908 3004 Mr Stimmd
3972 2814 6170 3021 jetzt, wo mein Kollege auf Urlaub ist Also,
3948 2977 6034 3173 fangen wir an Abschied zu nehmen. (er xxx
3948 3122 6028 3329 reicht ihr die Hand und küsst sie) Wann
3935 3329 5391 3498 soll ich denn wiederkommen?
3942 3434 5635 3677 Lilly: Wann du kannst natürlich.
