6664 4360
5982 435 6150 619 96
4165 577 6249 800 Spass,da kannst du Gift drauf nehmen. Am
4183 771 6165 949 selben Tag mit dir fahr' ich hin. Ich
4165 926 6100 1078 weiss schon was das Billet kost'. Ich
4165 1117 6270 1248 hab' sogar um drei Gulden fünfzig mehr in
4178 1251 4922 1419 der Sparkassa.
5347 1351 5536 1450 der
4165 1382 6234 1566 Lilly: Ich werde mit deiner Mutter reau
4180 1568 4422 1723 den.
4183 1702 5827 1901 Eduard: Das wirst du nicht tun.
4178 1862 6234 2038 Lilly: Möcht sehn,ob du mirodes verbie-
4178 2022 4718 2161 ten wirst.
4172 2124 6165 2337 Eduard: Verbieten kann ich dir's frei-
4183 2279 6226 2502 lich nicht, aber das schwör ich dir, wenn
4178 2460 6205 2612 du der Mutter was sagst oder wem immer,
4162 2578 6181 2803 so erschiess' ich mich. So. Ich
4165 2769 5088 2963 hab ’s geschworen.
4172 2872 6058 3060 Lilly: Gib Acht,Eduard, dass du dich
4180 3066 6181 3236 nicht versündigst. Man red nicht immer
4162 3199 5292 3391 gleich vom Schiessen.
4165 3412 6076 3577 Eduard: Das ist mir ganz egal,ob das
