6568 4216
303 1733 621 1910 [illegible]
480 2172 747 2360 G.H.F.P.
3952 456 5358 665 Kaplan: Grüss Gott, Eduard.
3969 577 5776 794 Vincenz: Schon aus dem Bad zurück?
5096 715 5550 815 Auf hal ud at
3961 792 6220 1009 Eduard: Ich wart doch lieber bis zu Mittag.
3981 947 5043 1133 da ist's noch heisser.
3975 1059 6132 1304 Vincenz: Zeit wär' ja schon, dass sie hier
3972 1209 6035 1439 eine ordentliche Badeanstalt errichten.
3987 1377 5764 1598 Kaplan: Möcht sich kaum rentieren.
3984 1507 6106 1718 Vincenz: Sind hier doch recht paradiesi¬
3981 1698 6165 1874 sche Zustände. (leise zum Kaplan) (Nach dem
3978 1848 5102 2054 Sündenfall natürlich.
3993 1942 6229 2201 Josefa: (Jetzt hab' ich aber wirklich schon
3996 2124 6085 2328 Angst, dass du den Zug versäumst, Vincenz.
4028 2248 6397 2525 (leise) und das Fräulein Lilly kommt halt
3675 2463 5020 2675 man nicht. doch wicht.
4002 2613 4428 2757 Vineenz:
3993 2610 6079 2834 Kaplan (zu Eduard, der ihn etwas gefragt
3996 2828 6167 2975 hat): Das kann ich Ihnen nicht sicher ver¬
3996 2928 6176 3119 sprechen, Eduard. Ich bekomme nämlich heute
3996 3122 6250 3322 einen Besuch, dem ich mich wohl einige Stun-
3996 3251 6247 3475 den widmen werde. (zu den Andern) Mein Bru¬
4005 3440 6259 3613 der hat sich nämlich telegraphisch angekün-
