<?xml version="1.0" encoding="UTF-8" standalone="yes"?>
<PcGts xmlns="http://schema.primaresearch.org/PAGE/gts/pagecontent/2013-07-15" xmlns:xsi="http://www.w3.org/2001/XMLSchema-instance" xsi:schemaLocation="http://schema.primaresearch.org/PAGE/gts/pagecontent/2013-07-15 http://schema.primaresearch.org/PAGE/gts/pagecontent/2013-07-15/pagecontent.xsd">
    <Metadata>
        <Creator>prov=READ-COOP:name=TrHtr:version=2.1.0:model_id=51170:date=30_07_2023_09:36</Creator>
        <Created>2023-05-10T13:48:29.897+02:00</Created>
        <LastChange>2023-07-30T09:36:07.565+02:00</LastChange>
        <TranskribusMetadata docId="1428596" pageId="55415330" pageNr="130" tsid="131490942" status="IN_PROGRESS" userId="64420" imgUrl="https://files.transkribus.eu/Get?id=WVOVOXHXKJUEKTTZXCMHAJQJ&amp;fileType=view" xmlUrl="https://files.transkribus.eu/Get?id=POXIRPQZCSBDXMPNYTZLMUDP" imageId="44689463"/>
    </Metadata>
    <Page imageFilename="1428596_0130.jpg" imageWidth="6664" imageHeight="4344">
        <ReadingOrder>
            <OrderedGroup id="ro_1711790112979" caption="Regions reading order">
                <RegionRefIndexed index="0" regionRef="tr_2"/>
                <RegionRefIndexed index="1" regionRef="tr_1"/>
            </OrderedGroup>
        </ReadingOrder>
        <TextRegion id="tr_2" custom="readingOrder {index:0;}">
            <Coords points="435,2366 805,2366 805,2593 435,2593"/>
            <TextLine id="tr_2_tl_1" custom="readingOrder {index:0;}">
                <Coords points="630,2468 664,2470 672,2478 701,2470 720,2476 762,2454 784,2473 800,2473 800,2324 773,2330 741,2306 704,2316 661,2287 630,2295"/>
                <Baseline points="644,2422 733,2416 805,2422"/>
                <TextEquiv>
                    <Unicode>G.C.F.P.</Unicode>
                </TextEquiv>
            </TextLine>
            <TextLine id="tr_2_tl_2" custom="readingOrder {index:1;}">
                <Coords points="420,2619 460,2622 510,2595 523,2603 582,2579 741,2600 746,2486 704,2468 675,2478 640,2470 608,2449 579,2470 550,2462 518,2481 489,2465 454,2473 425,2460"/>
                <Baseline points="435,2583 483,2583 572,2577 662,2571 751,2577"/>
                <TextEquiv>
                    <Unicode>G.C.H.P.</Unicode>
                </TextEquiv>
            </TextLine>
        </TextRegion>
        <TextRegion id="tr_1" custom="readingOrder {index:1;}">
            <Coords points="4194,463 6384,463 6384,3620 4194,3620"/>
            <TextLine id="tr_1_tl_1" custom="readingOrder {index:0;}">
                <Coords points="6093,550 6123,555 6128,563 6152,550 6192,566 6202,558 6224,560 6240,576 6266,584 6285,441 6250,425 6232,433 6210,414 6136,446 6128,436 6109,433"/>
                <Baseline points="6110,537 6193,525 6283,513"/>
                <TextEquiv>
                    <Unicode>100</Unicode>
                </TextEquiv>
            </TextLine>
            <TextLine id="tr_1_tl_2" custom="readingOrder {index:1;}">
                <Coords points="4277,683 5204,741 6311,704 6309,606 6027,574 5172,614 5020,526 4853,579 4614,521 4277,571"/>
                <Baseline points="4290,644 4379,644 4469,644 4558,650 4648,650 4737,650 4827,650 4916,656 5006,656 5095,656 5185,662 5274,668 5364,668 5453,668 5543,668 5632,674 5722,674 5811,674 5901,680 5990,680 6080,674 6169,674 6259,680 6319,680"/>
                <TextEquiv>
                    <Unicode>bleibt doch nichts geheim. Und du wirst</Unicode>
                </TextEquiv>
            </TextLine>
            <TextLine id="tr_1_tl_3" custom="readingOrder {index:2;}">
                <Coords points="4258,887 5182,826 6181,892 6200,738 4255,728"/>
                <Baseline points="4272,799 4361,799 4451,799 4540,799 4630,805 4719,805 4809,805 4898,811 4988,817 5077,817 5167,817 5256,817 5346,817 5435,823 5525,823 5614,823 5704,823 5793,823 5883,823 5973,829 6062,829 6152,835 6205,841"/>
                <TextEquiv>
                    <Unicode>doch so was - Nein, schon meinetwegen</Unicode>
                </TextEquiv>
            </TextLine>
            <TextLine id="tr_1_tl_4" custom="readingOrder {index:3;}">
                <Coords points="4263,988 4853,1049 5153,978 6277,1028 6325,887 5135,869 4864,927 4261,874"/>
                <Baseline points="4278,954 4367,954 4457,954 4546,954 4636,954 4725,960 4815,960 4904,966 4994,966 5083,966 5173,966 5262,972 5352,972 5441,972 5531,978 5620,978 5710,978 5799,978 5889,984 5978,984 6068,984 6157,984 6247,984 6331,990"/>
                <TextEquiv>
                    <Unicode>darfst du's nicht,Eduard. Das wär nicht</Unicode>
                </TextEquiv>
            </TextLine>
            <TextLine id="tr_1_tl_5" custom="readingOrder {index:4;}">
                <Coords points="4247,1187 6378,1201 6375,1001 6319,993 5634,1086 4245,1044"/>
                <Baseline points="4260,1103 4349,1103 4439,1103 4528,1109 4618,1109 4707,1109 4797,1115 4887,1121 4976,1115 5066,1121 5155,1121 5245,1121 5334,1121 5424,1127 5513,1127 5603,1133 5692,1133 5782,1133 5871,1133 5961,1139 6050,1139 6140,1139 6229,1139 6319,1139 6384,1145"/>
                <TextEquiv>
                    <Unicode>ritterlich. Nichts weniger als ritterlich</Unicode>
                </TextEquiv>
            </TextLine>
            <TextLine id="tr_1_tl_6" custom="readingOrder {index:5;}">
                <Coords points="4253,1286 4285,1280 4372,1320 4399,1302 4603,1310 4622,1291 4688,1312 4715,1294 4739,1302 4736,1211 4686,1222 4569,1177 4478,1198 4385,1153 4253,1185"/>
                <Baseline points="4266,1259 4355,1259 4445,1265 4534,1259 4624,1265 4713,1270 4743,1270"/>
                <TextEquiv>
                    <Unicode>wär das.</Unicode>
                </TextEquiv>
            </TextLine>
            <TextLine id="tr_1_tl_7" custom="readingOrder {index:6;}">
                <Coords points="4245,1464 6282,1480 6221,1323 4242,1336"/>
                <Baseline points="4260,1414 4349,1414 4439,1414 4528,1414 4618,1420 4707,1420 4797,1420 4887,1420 4976,1420 5066,1426 5155,1426 5245,1426 5334,1432 5424,1432 5513,1438 5603,1432 5692,1438 5782,1438 5871,1438 5961,1438 6050,1444 6140,1444 6229,1449 6289,1455"/>
                <TextEquiv>
                    <Unicode>Eduard: Aber der Doktor darf hinfahren,</Unicode>
                </TextEquiv>
            </TextLine>
            <TextLine id="tr_1_tl_8" custom="readingOrder {index:7;}">
                <Coords points="4245,1615 6096,1642 6093,1530 5652,1485 4242,1503"/>
                <Baseline points="4260,1563 4349,1563 4439,1569 4528,1569 4618,1569 4707,1575 4797,1575 4887,1575 4976,1575 5066,1581 5155,1581 5245,1581 5334,1581 5424,1587 5513,1587 5603,1587 5692,1587 5782,1587 5871,1593 5961,1593 6050,1599 6104,1599"/>
                <TextEquiv>
                    <Unicode>was? Der darf dich kompromittieren.</Unicode>
                </TextEquiv>
            </TextLine>
            <TextLine id="tr_1_tl_9" custom="readingOrder {index:8;}">
                <Coords points="4239,1790 5493,1753 5730,1828 6070,1764 6070,1679 5860,1636 5520,1681 5166,1634 5097,1684 4957,1631 4239,1644"/>
                <Baseline points="4254,1724 4344,1724 4433,1724 4523,1730 4612,1724 4702,1724 4791,1730 4881,1730 4970,1730 5060,1730 5149,1730 5239,1736 5328,1736 5418,1736 5507,1742 5597,1742 5686,1742 5776,1742 5865,1742 5955,1742 6044,1748 6074,1754"/>
                <TextEquiv>
                    <Unicode>Lilly: Was fällt dir denn ein? Wie</Unicode>
                </TextEquiv>
            </TextLine>
            <TextLine id="tr_1_tl_10" custom="readingOrder {index:9;}">
                <Coords points="4229,1955 6277,1918 6274,1758 5453,1854 4975,1764 4723,1817 4226,1772"/>
                <Baseline points="4242,1873 4332,1873 4421,1873 4511,1873 4600,1873 4690,1879 4779,1879 4869,1885 4958,1885 5048,1885 5137,1885 5227,1891 5316,1891 5406,1891 5495,1891 5585,1897 5674,1897 5764,1903 5853,1903 5943,1903 6032,1903 6122,1903 6211,1903 6283,1909"/>
                <TextEquiv>
                    <Unicode>kommst denn du nur auf solche Gedanken?</Unicode>
                </TextEquiv>
            </TextLine>
            <TextLine id="tr_1_tl_11" custom="readingOrder {index:10;}">
                <Coords points="4237,2077 4508,2133 5039,2064 6221,2114 6269,1947 5828,2000 5459,1931 4234,1955"/>
                <Baseline points="4248,2022 4338,2022 4427,2028 4517,2028 4606,2034 4696,2034 4785,2034 4875,2034 4964,2034 5054,2040 5143,2040 5233,2040 5322,2046 5412,2046 5501,2046 5591,2052 5680,2052 5770,2052 5859,2052 5949,2052 6038,2058 6128,2058 6217,2058 6277,2058"/>
                <TextEquiv>
                    <Unicode>Eduard: Gib mir dein Ehrenwort, dass der</Unicode>
                </TextEquiv>
            </TextLine>
            <TextLine id="tr_1_tl_12" custom="readingOrder {index:11;}">
                <Coords points="4221,2226 4994,2223 5350,2284 5732,2223 5732,2104 4218,2093"/>
                <Baseline points="4236,2177 4326,2177 4415,2177 4505,2183 4594,2183 4684,2183 4773,2189 4863,2189 4952,2189 5042,2189 5131,2195 5221,2195 5310,2195 5400,2195 5489,2195 5579,2201 5668,2207 5740,2213"/>
                <TextEquiv>
                    <Unicode>Doktor nicht hinfahren wird.</Unicode>
                </TextEquiv>
            </TextLine>
            <TextLine id="tr_1_tl_13" custom="readingOrder {index:12;}">
                <Coords points="4242,2391 6248,2380 6218,2284 5836,2306 5597,2226 5347,2284 4239,2247"/>
                <Baseline points="4254,2333 4344,2333 4433,2339 4523,2339 4612,2339 4702,2345 4791,2345 4881,2345 4970,2345 5060,2345 5149,2345 5239,2351 5328,2351 5418,2351 5507,2351 5597,2351 5686,2356 5776,2356 5865,2362 5955,2362 6044,2362 6134,2362 6223,2362 6253,2368"/>
                <TextEquiv>
                    <Unicode>Lilly: Ja,wie kommst du denn nur - Was</Unicode>
                </TextEquiv>
            </TextLine>
            <TextLine id="tr_1_tl_14" custom="readingOrder {index:13;}">
                <Coords points="4215,2529 4447,2585 4625,2494 6319,2555 6317,2438 5820,2404 4213,2425"/>
                <Baseline points="4230,2488 4320,2482 4409,2488 4499,2488 4588,2488 4678,2488 4767,2488 4857,2488 4946,2494 5036,2494 5125,2494 5215,2500 5304,2500 5394,2506 5483,2506 5573,2512 5662,2506 5752,2512 5841,2512 5931,2518 6020,2518 6110,2518 6199,2518 6289,2518 6325,2518"/>
                <TextEquiv>
                    <Unicode>hat denn der Doktor in Innsbruck zu tun?</Unicode>
                </TextEquiv>
            </TextLine>
            <TextLine id="tr_1_tl_15" custom="readingOrder {index:14;}">
                <Coords points="4598,2577 4712,2569 4821,2590 4885,2577 4911,2600 5023,2598 5020,2515 4999,2513 4978,2534 4951,2515 4802,2492 4718,2526 4699,2508 4670,2518 4630,2494 4598,2500"/>
                <Baseline points="4612,2565 4702,2565 4791,2565 4881,2565 4970,2571 5024,2571"/>
                <TextEquiv>
                    <Unicode>in Wien</Unicode>
                </TextEquiv>
            </TextLine>
            <TextLine id="tr_1_tl_16" custom="readingOrder {index:15;}">
                <Coords points="4202,2659 5089,2733 6083,2704 6080,2600 5799,2550 5004,2614 4200,2529"/>
                <Baseline points="4218,2637 4308,2637 4397,2637 4487,2637 4576,2643 4666,2643 4755,2643 4845,2649 4934,2655 5024,2655 5113,2655 5203,2655 5292,2655 5382,2655 5471,2661 5561,2661 5650,2661 5740,2667 5829,2667 5919,2667 6008,2667 6086,2667"/>
                <TextEquiv>
                    <Unicode>Er ist xxx im Spital angestellt,er</Unicode>
                </TextEquiv>
            </TextLine>
            <TextLine id="tr_1_tl_17" custom="readingOrder {index:16;}">
                <Coords points="4202,2853 6287,2863 6255,2664 5939,2752 4202,2728"/>
                <Baseline points="4218,2786 4308,2792 4397,2792 4487,2798 4576,2798 4666,2798 4755,2798 4845,2798 4934,2798 5024,2804 5113,2804 5203,2804 5292,2810 5382,2816 5471,2816 5561,2816 5650,2816 5740,2822 5829,2822 5919,2822 6008,2822 6098,2822 6187,2822 6277,2828 6289,2828"/>
                <TextEquiv>
                    <Unicode>hätt ja überhaupt keine Zeit, auch wenn</Unicode>
                </TextEquiv>
            </TextLine>
            <TextLine id="tr_1_tl_18" custom="readingOrder {index:17;}">
                <Coords points="4795,2898 4834,2903 4864,2887 4893,2903 4919,2893 4946,2901 5012,2885 5012,2829 4983,2832 4978,2826 4954,2840 4933,2824 4914,2829 4898,2813 4869,2818 4856,2829 4795,2829"/>
                <Baseline points="4809,2882 4839,2876 4928,2882 5018,2876"/>
                <TextEquiv>
                    <Unicode>oder</Unicode>
                </TextEquiv>
            </TextLine>
            <TextLine id="tr_1_tl_19" custom="readingOrder {index:18;}">
                <Coords points="4218,2994 5881,3020 5921,2877 5140,2829 4943,2903 4215,2866"/>
                <Baseline points="4230,2941 4320,2947 4409,2947 4499,2947 4588,2947 4678,2953 4767,2965 4857,2965 4946,2965 5036,2965 5125,2965 5215,2959 5304,2965 5394,2965 5483,2971 5573,2971 5662,2971 5752,2977 5841,2983 5931,2989"/>
                <TextEquiv>
                    <Unicode>er wollte - wenn ich wollten.</Unicode>
                </TextEquiv>
            </TextLine>
            <TextLine id="tr_1_tl_20" custom="readingOrder {index:19;}">
                <Coords points="4192,3161 5738,3134 6192,3219 6274,3188 6274,3092 6062,3028 4189,3007"/>
                <Baseline points="4206,3102 4296,3102 4385,3108 4475,3108 4564,3108 4654,3114 4743,3114 4833,3114 4922,3114 5012,3114 5101,3114 5191,3120 5280,3120 5370,3120 5459,3126 5549,3126 5638,3132 5728,3132 5817,3132 5907,3138 5996,3138 6086,3138 6175,3144 6265,3144 6277,3138"/>
                <TextEquiv>
                    <Unicode>Eduard: Es ist doch auch nicht möglich</Unicode>
                </TextEquiv>
            </TextLine>
            <TextLine id="tr_1_tl_21" custom="readingOrder {index:20;}">
                <Coords points="4202,3318 5398,3286 6101,3355 6263,3315 6263,3230 4200,3166"/>
                <Baseline points="4218,3258 4308,3258 4397,3263 4487,3263 4576,3263 4666,3263 4755,3269 4845,3269 4934,3269 5024,3269 5113,3275 5203,3275 5292,3275 5382,3275 5471,3281 5561,3281 5650,3281 5740,3287 5829,3287 5919,3293 6008,3293 6098,3293 6187,3299 6271,3299"/>
                <TextEquiv>
                    <Unicode>Lilly, dass du den faden Kerl gern hast.</Unicode>
                </TextEquiv>
            </TextLine>
            <TextLine id="tr_1_tl_22" custom="readingOrder {index:21;}">
                <Coords points="4192,3458 4396,3517 4781,3440 6056,3493 6234,3453 6234,3371 4189,3323"/>
                <Baseline points="4206,3413 4296,3413 4385,3425 4475,3425 4564,3425 4654,3425 4743,3419 4833,3425 4922,3431 5012,3431 5101,3431 5191,3431 5280,3431 5370,3431 5459,3437 5549,3437 5638,3442 5728,3442 5817,3442 5907,3442 5996,3442 6086,3448 6175,3448 6241,3442"/>
                <TextEquiv>
                    <Unicode>Lilly: Was du nur immer mit dem Doktor</Unicode>
                </TextEquiv>
            </TextLine>
            <TextLine id="tr_1_tl_23" custom="readingOrder {index:22;}">
                <Coords points="4181,3636 5947,3615 5945,3517 5836,3482 4415,3535 4178,3474"/>
                <Baseline points="4194,3574 4284,3574 4373,3586 4463,3586 4552,3586 4642,3586 4731,3586 4821,3586 4910,3586 5000,3592 5089,3592 5179,3592 5268,3592 5358,3598 5447,3598 5537,3598 5626,3604 5716,3604 5805,3604 5895,3610 5955,3610"/>
                <TextEquiv>
                    <Unicode>Ein guter Freund ist er von uns -</Unicode>
                </TextEquiv>
            </TextLine>
        </TextRegion>
    </Page>
</PcGts>
