6504 4216
5972 347 6124 568 64
4109 467 5623 768 Offizier (küsst ihr die Hand).
4111 707 6255 928 Kaplan: Guten Morgen, Fräulein. (ab mit dem
4111 848 4639 1045 Offizier).
4111 976 6103 1160 Lilly (allein zurückbleibend,eine Weile
4093 1122 6095 1346 gedankenvoll,dann nimt sie wieder das
4093 1309 5636 1480 Universalbuch vor und liest):
4093 1477 6228 1669 „O Glück ein Jeder nannt dich unbeständig.
4093 1578 6050 1802 Wenn du es bist_' (sie hallt inne; für
4087 1778 6180 1933 sich) Der hat mir aber besonders gut ge¬
4087 1885 5679 2090 fallen, (wieder weiter im Buch)
4082 2010 6220 2237 „Sei unbeständig Glück, dann hältst du ihm
4074 2216 6180 2461 Nicht lange hoff' ich; sendest ihn zurück."
4709 2480 5143 2690 Vorhang.
