6680 4344
3601 299 4096 544 27.1.1913.
6121 422 6285 622 93
4351 570 6416 807 Eduard: Ich möchte dich nämlich fragen,
4346 745 5653 932 wie du drüber dächtest -
4369 893 5856 1088 Lilly: So red schon einmal.
3684 851 4236 1042 Der vor mehr
4351 1057 6241 1213 Eduard: Wenn ich zum Theater ginge.
3731 1052 4166 1265 du 10re
4346 1195 6301 1383 Lilly: Zum Theater? Du? Was fällt dir
4335 1344 4840 1458 denn ein?
4343 1497 6413 1672 Eduard: No ja, du hast doch heute Vormit-
4335 1640 5718 1841 tag gesagt, ich hab Talent.
4325 1817 6416 1989 Lilly: Wann hab ich das gesagt? Grad das
4330 1979 6179 2174 Gegenteil hab ich gesagt. Ich weiss
4322 2114 5064 2247 noch sehr gut.
4317 2281 6283 2453 Eduard: Ja, neulich, aber heute hast du
4312 2419 6213 2638 gesag t;Vielleicht wirst du doch noch
4312 2549 5004 2690 Schauspieler.
4314 2664 6377 2843 Lilly: Es gibt ja auch Schauspieler ohne
4294 2791 4689 2979 Talent
4291 2955 6371 3158 Eduard: Aber so hast du's nicht gemeint.
4296 3111 6358 3333 Und ich frag dich, was glaubst du, hab ich
4291 3268 5293 3434 Talent oder nicht?
4286 3385 6369 3648 Lilly: Wie soll denn ich das wissen. Ich
