6600 4488
4113 540 5908 764 Kaplan: Erlebt? Was nennen Sie so?
4097 756 5952 925 Josefa: Wir wissen ja alle wofür er
4100 904 5370 1091 vielleicht sterben muss.
4108 1020 5966 1209 Kaplan: Es wäre (vielleicht) nicht so
4103 1196 6208 1383 furchtbar, wenn es eben nicht dafür wäre.
4108 1341 6147 1515 Wenn ich nicht auch fühlte, dass er eine
4092 1510 5599 1676 Schuld auf sich geladen hat.
4103 1644 6039 1797 Josefa: Schuldig werden heisst Leben.
4113 1813 5992 1968 Ohne Schuld gibt es kein Glück. Wohl
4105 1953 5984 2134 dem, der schuldig wird,er hat gelebt.
4124 2111 5644 2311 (sehr heftiger Donnerschlag).
4108 2261 5989 2443 Lilly: Es wird ihm nichts geschehen.
113 2266 285 2440 G.C.P.
4113 2424 5855 2603 Ich ha be jetzt ein Gelübde getan.
4119 2559 5201 2772 Kaplan: Ein Gelübde?
4113 2696 6018 2888 Lilly: Ja, wenn Gott mich erhört hat,
4103 2854 6221 3046 wenn Gott es annimmt, so wird alles gut.
4113 2988 6179 3215 Kaplan: Wie können Sie, wie durften Sie
4113 3170 6158 3365 Wer weiss, was Sie auf sich genommen ha-
4097 3294 6192 3523 ben. Die Stimmung dieser Stunde hat Sie
4113 3510 6187 3700 vielleicht verwirrt. Sie werden es viel-
