3400 4056
2710 277 2902 466 9 1
537 448 1174 625 Sonmermorgen.
543 619 2753 750 Der Bildhauer und der Arzt müssen wieder in die
530 805 2936 957 Stadt hinein. Morgen kommen sie das letzte Mal aufs
543 918 2899 1082 Land. Der Bildhauer fährt mit seiner Frau nach Kas,
540 1076 2884 1213 sel, wo er den Giebel eines Theaters fertigstellt,
549 1226 2771 1424 der Sohn muss in die Schule, die Schauspielerin
497 1399 1439 1570 muss ins Engagement.
543 1546 2802 1695 Der Arzt, ihr Liebhaber, weiss noch nicht, dass
543 1741 2912 1854 sie abgeschlossen hat. Er hofft, sie später wieder-
540 1884 2945 2021 zufinden. Sie weiss, dass es auf ewig ist, wenn sie
494 2009 2000 2180 xxxetzt von einander scheiden.
546 2177 2668 2314 Der Bildhauer ist fröhlich kräftig. DXXXXX###
530 2360 2976 2506 Die Bildhauerin, eine behagliche Burgersfrau, fromm.
534 2500 1988 2662 Ihr Bub frisch, aber jänzornig.
537 2665 2280 2811 Der Arzt gedruckt, ohne Lebensfreude
534 2774 2360 2960 Die Schauspielerin jung, lebensfreudig.
494 2966 2351 3134 Der Pfarrer sehr stolz auf seinen Beruf.
