3432 4056
839 564 1666 706 Arzt: Pflichten.
1954 635 2928 811 mit dem uächste für
852 722 1723 849 O Gott, Pflichten*
844 858 2735 1010 Sie studiert Rollen, die Emilia Galotti.
798 1020 2263 1191 Der Bub betrachtet sie glühend.
847 1208 2581 1346 Bildhauer, Frau und Bub gehen voraus.
844 1362 2844 1460 5. Arzt, Lilly. Liebesszene. Die Angst des
847 1493 1986 1655 Arztes spricht sich aus.
803 1661 2980 1794 Arzt: Hüte dich vor dem wilden Buben. Es gibt
847 1799 2825 1943 sonderbare Leidenschaften in diesem Alter.
836 1962 2942 2084 Ah, du bleibst dieses Jahr noch in Wien. Ich
847 2130 2988 2288 werde für dich sorgen. - Wissen sie etwas von
849 2288 1721 2442 unserm Verhältnis?
847 2426 2934 2573 Schauspielerin: Nein. :Sie spricht mit Be-
839 2578 2038 2749 wusstsein die Unwahrheit:
847 2733 2936 2839 Arzt: Bleib’ hier. Ich liebe das nicht, zur
806 2868 2969 3031 Bahn begleitet zu werden. Er geht.
852 3053 2887 3202 6. Lilly. Der Bub hat sich verborgen gehal¬
239 3088 752 3297 (o ift ein gi c)
849 3208 2890 3335 ten. Er stürzt auf sie zu. Er küsst ihr die
244 3251 763 3379 Bikai le "
255 3392 638 3487 ein: -
784 3370 1058 3512 Hand.
2331 3387 3132 3547 Besser: Eilichus
2440 3495 2980 3639 mit ihr..
225 3487 2043 3693 ### Sie sind ein frecher Bub¬
288 3623 673 3805 1/7 3
