6552 4216
5885 390 6037 527 45
4011 484 6104 765 Lilly: Was für einen jungen Mann hab ich
4013 684 6075 914 denn - Den Eduard meinst du - aber Fe¬
4003 824 5946 1027 lix! Jetzt bist du gar auf den Buben
4016 1021 4719 1243 eifersüchtig!
4013 1134 6163 1350 Felix: Das hat alles mit Eifersucht nicht
4027 1294 6126 1508 das Geringste zu tun. Das sind (gewisser-
4021 1460 6021 1703 massen Taktfragen. Im übrigen ist der
4019 1591 6099 1823 Eduard kein Bub. Und dass du da mit ihm
3567 1631 3954 2019 sint
4021 1759 6134 1968 deine Rollen studierst, das find ich ein-
4035 1904 5543 2160 Sach - 1. beile. 1.
4029 2056 6027 2267 Lilly. Aber ich studier doch nicht mit
4045 2217 6085 2455 ihm,er überhört sie mich. Er bringt mir
4040 2404 6005 2575 die Stichwörter. So wie du’s manchmal
4051 2521 5029 2741 in Wien getan hast.
5016 2521 5422 2725 " Sills"
4545 2658 5027 2767 so in it.
4048 2663 6110 2914 Felix: Also daran hättest du mich jetzt
5259 2810 5457 2896 Sichs
4037 2813 6147 3035 nicht einnern dürfen. Sehr beruhigend
4069 2981 6099 3192 (lauscht) Jetzt ist er’s aber wirklich.
4045 3128 6107 3406 Lilly: Und jetzt dauert’s noch drei Mi-
4048 3286 6182 3553 nuten bis er da ist. Zuerst hält er noch
