6616 4488
4126 593 4332 783 te.
4142 700 5880 927 Kaplan: Sie haben ihn gesehen,ja.
4137 885 6248 1058 Katti (herunter mit dem Mantel und selbst
4145 1080 6165 1203 in einen Mantel eingehüllt):
4124 1213 6211 1398 Wo soll ich ihm denn den Mantel hinbrin-
4129 1350 5265 1558 gen, dem jungen Herrn?
4129 1481 5866 1708 Josefa: Wer sagt Ihnen, dass Sie -
4121 1670 5495 1863 Kaplan: Geben Sie nur her.
4121 1817 6264 2004 Kat hi: Aber nein,Hochwürden, ich bin schon
4110 1951 6240 2167 bei schlechterem Wetter draussen gewesen.
4118 2122 5695 2309 Und es wird nicht viel machen.
4118 2264 5227 2472 Josefa: Na hören Sie!
4121 2437 6141 2616 Lilly: Es ist ganz gut, sie findet auch
4110 2574 6230 2811 den Weg am leichtesten die Kathi. (zu ihr)
4105 2747 6136 2905 In der Schutzhütte auf dem Katzenstein
4097 2873 5532 3084 dürfte der junge Herr sein.
4108 3015 6117 3239 Katti: In einer Stund' sind wir wieder
4102 3191 6216 3456 unten. Und bis dahin hat sich’s überhaupt
4078 3349 5460 3552 ganz verzogen. (rasch ab).
