6552 4232
5883 276 6057 490 40
3326 383 3800 571 14.1.1913
4055 472 6212 686 Felix: Aber ich kann nicht. Das ist es. Du
4060 630 6086 855 siehst es ja ein. Es wäre entsetzlich,
4066 812 5577 1045 wenn du das nicht einsähest.
4082 962 5990 1171 Lilly: Aber Felix,wie kommst du nur-
4092 1128 6164 1311 Felix: Mir ist manchmal, als wäre es dir
4106 1276 6113 1477 doch nicht ganz klar, als hieltest du's
4106 1458 6220 1640 für Energielosigkeit oder gar für Mangel
4106 1616 6110 1790 an Vertrauen - oh, ich werde dir einmal
4114 1739 6196 1930 beweisen, dass es nicht daran liegt.Aber,
4114 1876 6151 2082 dass es unmöglich ist mit einem
4106 2039 6220 2238 Monatsgehalt von sechzig Gulden eine Fa-
4116 2203 6121 2372 milie zu gründen - Das muss doch jeder
5829 2353 6089 2551 eine
4090 2372 4553 2549 Lilly
4119 2527 4376 2734 F.
4127 2519 6250 2889 Mensch begreifen (plötzlich) Sag einmal,
4130 2768 6212 3012 was glauben denn eigentlich die Fradls?
4821 2951 5057 3047 ôtre un
4138 2983 6244 3221 Lilly Was sollen sie denn glauben? Ich
4154 3087 6306 3312 bin ihnen doch keine Rechenschaft schuld
4165 3299 4406 3473 dig.
4149 3374 6285 3682 Felix: Gewiss nicht, aber die müssen sich
