<?xml version="1.0" encoding="UTF-8" standalone="yes"?>
<PcGts xmlns="http://schema.primaresearch.org/PAGE/gts/pagecontent/2013-07-15" xmlns:xsi="http://www.w3.org/2001/XMLSchema-instance" xsi:schemaLocation="http://schema.primaresearch.org/PAGE/gts/pagecontent/2013-07-15 http://schema.primaresearch.org/PAGE/gts/pagecontent/2013-07-15/pagecontent.xsd">
    <Metadata>
        <Creator>prov=READ-COOP:name=TrHtr:version=2.1.0:model_id=51170:date=30_07_2023_09:35</Creator>
        <Created>2023-05-10T13:48:24.450+02:00</Created>
        <LastChange>2023-07-30T09:35:56.728+02:00</LastChange>
        <TranskribusMetadata docId="1428596" pageId="55415070" pageNr="90" tsid="131490902" status="IN_PROGRESS" userId="64420" imgUrl="https://files.transkribus.eu/Get?id=VXAWNIZQACYAAWXOPIWKHBBP&amp;fileType=view" xmlUrl="https://files.transkribus.eu/Get?id=VGIDVAIUBIXXJYZFAPJPYPHD" imageId="44689204"/>
    </Metadata>
    <Page imageFilename="1428596_0090.jpg" imageWidth="6536" imageHeight="4200">
        <ReadingOrder>
            <OrderedGroup id="ro_1711790040941" caption="Regions reading order">
                <RegionRefIndexed index="0" regionRef="tr_1"/>
            </OrderedGroup>
        </ReadingOrder>
        <TextRegion id="tr_1" custom="readingOrder {index:0;}">
            <Coords points="4021,534 6186,534 6186,3535 4021,3535"/>
            <TextLine id="tr_1_tl_1" custom="readingOrder {index:0;}">
                <Coords points="4006,640 5652,656 5945,592 5947,454 4008,555"/>
                <Baseline points="4021,632 4068,632 4158,632 4247,626 4337,620 4426,626 4516,620 4605,614 4695,614 4784,614 4874,608 4963,608 5053,608 5142,602 5232,602 5321,602 5411,596 5500,596 5590,590 5679,590 5769,584 5858,584 5948,584"/>
                <TextEquiv>
                    <Unicode>End schon in einer andern Garnison -</Unicode>
                </TextEquiv>
            </TextLine>
            <TextLine id="tr_1_tl_2" custom="readingOrder {index:1;}">
                <Coords points="4016,821 4593,858 4917,776 6016,778 6046,635 4019,688"/>
                <Baseline points="4032,787 4080,781 4170,781 4259,781 4349,775 4438,775 4528,775 4617,775 4707,769 4796,763 4886,763 4975,757 5065,757 5154,751 5244,751 5333,751 5423,751 5512,745 5601,745 5691,739 5780,739 5870,733 5959,727 6049,715"/>
                <TextEquiv>
                    <Unicode>Solche Dinge kommen sehr plötzlich bei</Unicode>
                </TextEquiv>
            </TextLine>
            <TextLine id="tr_1_tl_3" custom="readingOrder {index:2;}">
                <Coords points="4035,956 4072,948 4125,956 4157,943 4178,943 4194,959 4285,954 4285,879 4255,885 4223,871 4170,890 4149,877 4122,885 4093,866 4085,874 4056,863 4035,869"/>
                <Baseline points="4050,936 4140,936 4229,936 4289,936"/>
                <TextEquiv>
                    <Unicode>uns.</Unicode>
                </TextEquiv>
            </TextLine>
            <TextLine id="tr_1_tl_4" custom="readingOrder {index:3;}">
                <Coords points="4040,1148 5724,1047 5870,1097 5995,1055 5998,943 5578,895 4938,996 4045,978"/>
                <Baseline points="4056,1091 4122,1085 4211,1085 4301,1091 4390,1085 4480,1079 4569,1079 4659,1073 4748,1067 4838,1061 4927,1061 5017,1061 5106,1055 5196,1055 5285,1055 5375,1050 5464,1050 5554,1050 5643,1044 5733,1044 5822,1038 5912,1032 6001,1038"/>
                <TextEquiv>
                    <Unicode>Lilly. Das tät mir recht leid. Ich hab</Unicode>
                </TextEquiv>
            </TextLine>
            <TextLine id="tr_1_tl_5" custom="readingOrder {index:4;}">
                <Coords points="4027,1288 5886,1222 5955,1187 5958,1076 5652,1137 4032,1148"/>
                <Baseline points="4044,1240 4080,1234 4170,1234 4259,1234 4349,1234 4438,1228 4528,1223 4617,1223 4707,1223 4796,1217 4886,1217 4975,1211 5065,1211 5154,1211 5244,1205 5333,1205 5423,1199 5512,1199 5601,1199 5691,1193 5780,1193 5870,1187 5959,1181"/>
                <TextEquiv>
                    <Unicode>nämlich keinen einzigen Bekannten in</Unicode>
                </TextEquiv>
            </TextLine>
            <TextLine id="tr_1_tl_6" custom="readingOrder {index:5;}">
                <Coords points="4048,1410 4380,1389 4526,1477 4895,1381 5684,1402 6147,1341 6147,1288 5979,1217 5663,1283 4051,1318"/>
                <Baseline points="4062,1390 4092,1390 4182,1390 4271,1390 4361,1384 4450,1384 4540,1378 4629,1378 4719,1372 4808,1372 4898,1366 4987,1366 5076,1366 5166,1366 5255,1360 5345,1354 5434,1354 5524,1354 5613,1348 5703,1348 5792,1348 5882,1348 5971,1348 6061,1336 6150,1342"/>
                <TextEquiv>
                    <Unicode>Innsbruck Und es wär doch ein beruhigen</Unicode>
                </TextEquiv>
            </TextLine>
            <TextLine id="tr_1_tl_7" custom="readingOrder {index:6;}">
                <Coords points="4053,1565 5084,1525 5342,1583 6014,1522 6048,1426 5177,1461 5004,1405 4053,1480"/>
                <Baseline points="4068,1545 4086,1545 4176,1545 4265,1539 4355,1539 4444,1533 4534,1533 4623,1533 4713,1527 4802,1521 4892,1521 4981,1515 5071,1515 5160,1515 5250,1509 5339,1509 5428,1509 5518,1509 5607,1503 5697,1503 5786,1497 5876,1497 5965,1491 6055,1497"/>
                <TextEquiv>
                    <Unicode>der Gedanke,wenn bei meinem Debut min-</Unicode>
                </TextEquiv>
            </TextLine>
            <TextLine id="tr_1_tl_8" custom="readingOrder {index:7;}">
                <Coords points="4035,1769 4733,1684 4858,1732 6030,1668 6096,1652 6099,1549 4038,1620"/>
                <Baseline points="4050,1700 4134,1694 4223,1694 4313,1694 4402,1688 4492,1688 4581,1682 4671,1682 4760,1676 4850,1676 4939,1670 5029,1670 5118,1664 5208,1664 5297,1658 5387,1658 5476,1652 5566,1652 5655,1652 5745,1646 5834,1646 5924,1646 6013,1646 6103,1652"/>
                <TextEquiv>
                    <Unicode>destens einer im Theater sässe, auf des-</Unicode>
                </TextEquiv>
            </TextLine>
            <TextLine id="tr_1_tl_9" custom="readingOrder {index:8;}">
                <Coords points="5044,1777 5243,1737 5456,1761 5520,1727 5982,1735 5985,1652 5921,1684 5862,1647 5047,1703"/>
                <Baseline points="5059,1753 5094,1748 5184,1742 5273,1736 5363,1730 5452,1730 5542,1724 5631,1712 5721,1712 5810,1706 5900,1706 5989,1712"/>
                <TextEquiv>
                    <Unicode>real einige halten seul,</Unicode>
                </TextEquiv>
            </TextLine>
            <TextLine id="tr_1_tl_10" custom="readingOrder {index:9;}">
                <Coords points="4045,1902 4800,1846 5018,1926 5307,1841 6085,1817 6181,1727 4051,1764"/>
                <Baseline points="4062,1861 4128,1849 4217,1849 4307,1843 4396,1843 4486,1843 4575,1837 4665,1831 4754,1831 4844,1825 4933,1825 5023,1825 5112,1819 5202,1819 5291,1813 5381,1813 5470,1807 5560,1807 5649,1807 5739,1801 5828,1801 5918,1801 6007,1795 6097,1789 6186,1795"/>
                <TextEquiv>
                    <Unicode>sen Wohlwollen ichrechnen könnte.Sie ha¬</Unicode>
                </TextEquiv>
            </TextLine>
            <TextLine id="tr_1_tl_11" custom="readingOrder {index:10;}">
                <Coords points="4059,2045 5591,1968 5759,2019 6085,1982 6088,1843 4061,1920"/>
                <Baseline points="4074,2004 4122,2004 4211,1998 4301,1998 4390,1992 4480,1992 4569,1986 4659,1986 4748,1986 4838,1980 4927,1980 5017,1974 5106,1974 5196,1974 5285,1974 5375,1968 5464,1962 5554,1962 5643,1956 5733,1956 5822,1956 5912,1950 6001,1950 6091,1956"/>
                <TextEquiv>
                    <Unicode>ben nämlich keine Ahnung,Herr Leutnant,</Unicode>
                </TextEquiv>
            </TextLine>
            <TextLine id="tr_1_tl_12" custom="readingOrder {index:11;}">
                <Coords points="4048,2181 5687,2114 5971,2186 6147,2149 6152,1984 4051,2085"/>
                <Baseline points="4062,2159 4098,2159 4188,2153 4277,2153 4367,2147 4456,2147 4546,2141 4635,2141 4725,2141 4814,2135 4903,2135 4993,2129 5082,2129 5172,2123 5261,2123 5351,2123 5440,2117 5530,2111 5619,2111 5709,2111 5798,2105 5888,2105 5977,2100 6067,2100 6156,2105"/>
                <TextEquiv>
                    <Unicode>was für eine Angst ich manchmal hab.Den</Unicode>
                </TextEquiv>
            </TextLine>
            <TextLine id="tr_1_tl_13" custom="readingOrder {index:12;}">
                <Coords points="4053,2324 4720,2369 5501,2276 5658,2338 6115,2287 6117,2178 4946,2221 4656,2157 4481,2239 4056,2226"/>
                <Baseline points="4068,2314 4152,2308 4241,2302 4331,2302 4420,2296 4510,2296 4599,2296 4689,2296 4778,2290 4868,2284 4957,2284 5047,2278 5136,2278 5226,2273 5315,2273 5405,2273 5494,2267 5584,2267 5673,2261 5763,2261 5852,2255 5942,2255 6031,2249 6121,2255"/>
                <TextEquiv>
                    <Unicode>ken Sie sich, schon zweimal hab ich den-</Unicode>
                </TextEquiv>
            </TextLine>
            <TextLine id="tr_1_tl_14" custom="readingOrder {index:13;}">
                <Coords points="4059,2481 5849,2425 6083,2505 6160,2476 6165,2311 4061,2372"/>
                <Baseline points="4074,2463 4110,2463 4200,2457 4289,2451 4378,2451 4468,2451 4557,2446 4647,2446 4736,2446 4826,2440 4915,2440 5005,2434 5094,2434 5184,2428 5273,2428 5363,2422 5452,2422 5542,2422 5631,2422 5721,2416 5810,2416 5900,2410 5989,2404 6079,2404 6168,2404"/>
                <TextEquiv>
                    <Unicode>selben Traum gehabt, dass ich spiele und</Unicode>
                </TextEquiv>
            </TextLine>
            <TextLine id="tr_1_tl_15" custom="readingOrder {index:14;}">
                <Coords points="4526,2521 4643,2515 4686,2531 4744,2521 4765,2537 4800,2513 4818,2515 4818,2468 4773,2478 4765,2470 4725,2489 4654,2470 4619,2473 4606,2486 4526,2468"/>
                <Baseline points="4540,2499 4629,2505 4719,2505 4808,2499 4826,2499"/>
                <TextEquiv>
                    <Unicode>1 - un</Unicode>
                </TextEquiv>
            </TextLine>
            <TextLine id="tr_1_tl_16" custom="readingOrder {index:15;}">
                <Coords points="4059,2664 5777,2571 5937,2627 6170,2606 6173,2489 4571,2547 4423,2457 4242,2555 4061,2537"/>
                <Baseline points="4074,2613 4122,2607 4211,2607 4301,2601 4390,2601 4480,2601 4569,2595 4659,2595 4748,2595 4838,2589 4927,2583 5017,2583 5106,2577 5196,2577 5285,2571 5375,2577 5464,2571 5554,2565 5643,2571 5733,2565 5822,2559 5912,2559 6001,2553 6091,2553 6180,2547"/>
                <TextEquiv>
                    <Unicode>es rührt sich dann keine Hand. (So was mus</Unicode>
                </TextEquiv>
            </TextLine>
            <TextLine id="tr_1_tl_17" custom="readingOrder {index:16;}">
                <Coords points="5190,2797 5342,2752 5384,2773 5716,2717 5777,2749 5868,2739 6072,2691 6080,2611 5767,2608 5714,2651 5684,2632 5533,2680 5482,2646 5307,2648 5212,2585"/>
                <Baseline points="5211,2750 5273,2744 5363,2744 5452,2738 5542,2732 5631,2720 5721,2708 5810,2690 5900,2690 5989,2684 6079,2678"/>
                <TextEquiv>
                    <Unicode>Sous atelre a tres - de</Unicode>
                </TextEquiv>
            </TextLine>
            <TextLine id="tr_1_tl_18" custom="readingOrder {index:17;}">
                <Coords points="4069,2792 4146,2770 4208,2802 4356,2757 4452,2800 4699,2797 4773,2752 4919,2808 5079,2802 5084,2638 4858,2659 4808,2622 4691,2699 4476,2646 4385,2683 4292,2651 4072,2680"/>
                <Baseline points="4086,2762 4104,2762 4194,2756 4283,2750 4373,2750 4462,2750 4551,2750 4641,2744 4730,2744 4820,2738 4909,2738 4999,2738 5088,2744"/>
                <TextEquiv>
                    <Unicode>schrecklich sein.)</Unicode>
                </TextEquiv>
            </TextLine>
            <TextLine id="tr_1_tl_19" custom="readingOrder {index:18;}">
                <Coords points="5355,2805 5400,2826 5493,2792 5562,2810 5645,2786 5900,2797 5902,2720 5671,2762 5605,2739 5501,2760 5437,2741 5355,2773"/>
                <Baseline points="5369,2792 5458,2792 5548,2786 5637,2780 5727,2780 5816,2774 5906,2774"/>
                <TextEquiv>
                    <Unicode>not - Nous vous.</Unicode>
                </TextEquiv>
            </TextLine>
            <TextLine id="tr_1_tl_20" custom="readingOrder {index:19;}">
                <Coords points="4088,2972 4718,2903 5376,2938 5589,2863 6123,2909 6128,2778 4093,2826"/>
                <Baseline points="4104,2911 4164,2911 4253,2911 4343,2905 4432,2899 4522,2899 4611,2899 4701,2899 4790,2893 4880,2893 4969,2887 5059,2881 5148,2881 5238,2875 5327,2869 5417,2869 5506,2869 5596,2863 5685,2863 5775,2863 5864,2857 5953,2857 6043,2851 6132,2851"/>
                <TextEquiv>
                    <Unicode>Offizier: Also, ich übernehme die Garan-</Unicode>
                </TextEquiv>
            </TextLine>
            <TextLine id="tr_1_tl_21" custom="readingOrder {index:20;}">
                <Coords points="4077,3084 4208,3134 5732,3033 5900,3095 6178,3060 6181,2959 5910,2898 4986,2991 4532,2932 4327,3010 4080,2980"/>
                <Baseline points="4092,3066 4128,3060 4217,3060 4307,3060 4396,3054 4486,3054 4575,3048 4665,3048 4754,3048 4844,3042 4933,3042 5023,3036 5112,3036 5202,3030 5291,3030 5381,3024 5470,3024 5560,3018 5649,3018 5739,3018 5828,3012 5918,3012 6007,3006 6097,3006 6186,3012"/>
                <TextEquiv>
                    <Unicode>tie, mein Fräulein, nicht nur wenn Sie ab-</Unicode>
                </TextEquiv>
            </TextLine>
            <TextLine id="tr_1_tl_22" custom="readingOrder {index:21;}">
                <Coords points="4077,3272 5204,3193 5488,3254 6048,3185 6054,3049 5087,3137 4773,3092 4465,3164 4083,3121"/>
                <Baseline points="4092,3233 4176,3221 4265,3215 4355,3215 4444,3209 4534,3203 4623,3203 4713,3197 4802,3197 4892,3191 4981,3191 5071,3185 5160,3179 5250,3179 5339,3179 5428,3179 5518,3173 5607,3173 5697,3173 5786,3167 5876,3161 5965,3161 6055,3161"/>
                <TextEquiv>
                    <Unicode>gehen,sondern sofort bei Ihrem ersten</Unicode>
                </TextEquiv>
            </TextLine>
            <TextLine id="tr_1_tl_23" custom="readingOrder {index:22;}">
                <Coords points="4067,3435 4890,3352 5969,3397 6091,3373 6093,3211 4069,3283"/>
                <Baseline points="4080,3376 4128,3370 4217,3364 4307,3364 4396,3358 4486,3358 4575,3358 4665,3352 4754,3352 4844,3346 4933,3346 5023,3346 5112,3340 5202,3334 5291,3334 5381,3334 5470,3328 5560,3328 5649,3323 5739,3323 5828,3323 5918,3323 6007,3317 6097,3323"/>
                <TextEquiv>
                    <Unicode>Auftreten wird ein Sturm losgehen. Ja-</Unicode>
                </TextEquiv>
            </TextLine>
            <TextLine id="tr_1_tl_24" custom="readingOrder {index:23;}">
                <Coords points="4077,3535 4829,3567 5461,3496 5772,3562 6149,3474 6152,3379 4508,3405 4080,3480"/>
                <Baseline points="4092,3525 4098,3525 4188,3519 4277,3519 4367,3519 4456,3513 4546,3513 4635,3507 4725,3501 4814,3501 4903,3501 4993,3496 5082,3496 5172,3496 5261,3490 5351,3490 5440,3484 5530,3484 5619,3478 5709,3472 5798,3472 5888,3472 5977,3466 6067,3466 6156,3466"/>
                <TextEquiv>
                    <Unicode>wohl, ein Sturm.Selbst, wenn ich nicht in</Unicode>
                </TextEquiv>
            </TextLine>
        </TextRegion>
    </Page>
</PcGts>
