6520 4264
5716 285 5882 500 69
4003 518 5921 690 wie hat er denn nur geheissen, der im
4021 674 5963 832 einmal mit uns zusammen oben genacht¬
4011 840 4568 1014 mahlt hat?
4617 900 5761 1027 Les Stalmoontains.. Verentyl..
4034 977 6072 1161 Josefa: Da kann ich mich gar nicht mehr
4024 1097 5926 1333 drauf erinnern. Was kümmerst du dich
4034 1276 6095 1434 überhaupt um fremde laut? Sehen lieben
4016 1392 6092 1618 dass du nicht wieder durchfallet bei der
4029 1581 5875 1750 Nachprüfung. Man hat doch vielerlei
4029 1695 5849 1921 Bekannte, muss doch nicht jeder ein
4034 1877 6118 2061 Bräutigam sein.Bei uns im Haus verkehren
4031 2035 5221 2227 auch verschiedene Leut.
4034 2160 5885 2406 Eduard: Das ist was anderes,Mutter.
3580 2268 3920 2414 Bei un
4052 2336 5092 2535 Josefa: Warum denn?
4044 2478 5849 2696 Eduard: Da verschwindet doch nicht
4049 2644 5950 2815 plötzlich der eine gute Bekannte auf
4052 2764 6048 2997 Nimmerwiedersehen,wenn der ändere auf-
4062 2984 4454 3147 taucht.
4068 3127 5932 3318 Josefa: Was du alles bemerkst. Kümmer
3461 3222 3873 3360 Wendig dict
4062 3194 6126 3443 dich nicht um fremde Leut. Schau lieber,
3544 3331 3816 3479 liebe.
4062 3388 6147 3642 dass du bei ier Nachrpüfung nicht durch
4291 3580 6079 3754 Was du dit liebe aus den Sophie.
4493 3702 5429 3850 to it in green
