6616 4392
4203 649 6198 893 fertig mit der Briefschreiberei,Lilly?
4198 870 6259 1006 Lilly: Was geht denn das dich an? Ueber-
4198 1006 6138 1228 haupt - (sie erhebt sich und packtihre
3832 1035 4041 1220 will
4193 1148 5096 1297 Sach en zusammen).
4187 1318 6097 1513 Eduard (rasch zu ihr): Aber was fallt
4193 1477 6228 1647 dir denn ein, Lilly. Es ist ja nur - ich
4180 1614 6241 1807 hab nämlich etwas mit dir zu reden,drum
4175 1773 5050 1948 hab ich gefragt.
4193 1910 6133 2103 Lilly: Grad jetzt hast du was mit mir
4187 2080 4702 2252 zu reden?
4180 2260 6228 2417 Eduard: Es hat natürl ich auch bis Abend
4175 2401 6079 2563 Zeit. Tu mir nur den einen Gefallen,
4180 2530 5402 2715 lass dich nicht stören.
4180 2679 6249 2857 Lilly: Jetzt hast du mich doch schon aus
4579 2813 4731 2911 -cept
4175 2813 6128 3014 dem Konter gebracht. (sie setzt ihre
4169 2991 6192 3127 Unterschrift hin, kouvertiert den Brief,
4162 3161 6079 3282 schlägt ziemlich umständlich auf den
4169 3305 6192 3493 Brief mit der Faust, der Tisch wackelt).
4157 3475 6033 3624 Eduard: Soll ich ihn vielleicht ins
4157 3572 5019 3799 Kastel werfen?
