6696 4360
6217 414 6387 623 92
4298 589 6265 769 Eduard (einige Schritte weit von ihr,
4316 729 4955 859 schaut hin).
4303 875 6265 1092 Lilly: Jetzt ist einer neugierig, was?
4298 1060 5732 1169 Eduard (zuckt die Achseln).
4303 1209 6262 1395 Lilly: Weisst du was das ist? Das ist
4298 1349 5011 1485 mein Vertrag.
4279 1503 6360 1676 Eduard (lebendiger): Dein Vertrag für's
4284 1660 4759 1816 Theater?
4284 1803 6085 1996 Lilly: Ja, jetzt bin ich engagiert.
4274 1957 5265 2132 Eduard: Gratulier
4298 2094 5984 2309 Lilly (den Vertrag durchlesend).
4292 2256 6419 2460 Eduard: Nach Innsbruck (bist du engagiers)
4284 2394 5859 2593 Lilly: Wer sagt dir denn das?
4284 2577 6318 2720 Eduard: Du hast’s doch neulich mit der
4274 2718 5255 2893 Mutter besprochen.
4284 2863 6119 3078 Lilly: Es ist nur für ein Jahr. Im
4274 2983 6252 3213 nächsten Jahr bin ich sicher schon wo
3831 3150 4679 3362 (hill jebn/ anders.
4274 3277 6154 3500 Eduard: Also Lilly, ich hab doch was
4279 3463 5411 3648 mit dir reden wollen.
4269 3600 5268 3863 Lilly: Du mit mir?
