6536 4216
5957 344 6125 561 66
4080 550 6157 770 Katti (die Tassen hinstellend): Grad ist
4083 724 6149 892 Seine Hochwürden mit einem Offizier zur
4080 889 4842 1057 Bahn gefahren.
4075 1006 6108 1234 Eduard: (zerstreut) Das ist der Bruder
4094 1193 4937 1399 vom Herrn Kaplan
4080 1307 6155 1510 Josefa (aus dem Haus mit einem Nähkorb):
4080 1486 6155 1654 Sie hätten lieber in der Veranda decken
4080 1638 5737 1817 sollen. Es kommt ja ein Wetter.
4086 1773 6214 1968 Katti: Kommt erst in der Nacht, gnä' Frau.
3533 1830 4013 1966 brekt sich um
3511 1936 3839 2085 ne leurs
4083 1944 6030 2158 Eduard: Sie hat einen Brief gekriegt.
4086 2093 4634 2299 Kathi (ab).
4094 2218 6141 2451 Josefa (sich hinsetzend, die Haare Eduards
4094 2440 6089 2622 streichelnd): Na, du bist ja heute sehr
3460 2470 4037 2668 nein nie travail
4086 2595 4371 2709 brav.
4091 2681 6268 2915 Eduard: Kommst du heute wieder mit,Mutter?
4083 2852 5124 3053 Josefa: Wohin denn?
4086 3047 5970 3221 Eduard: Ja wohin, das weiss ich noch
4091 3131 6160 3381 nicht. Wo die botanische Exkursion halt
4086 3346 4888 3530 hinführt heute.
4083 3457 6117 3682 Josefa: Aber in einer Stund ist ja der
