6504 4120
593 517 2408 776 achtzig Gulden Gage nach Innsbruck.
584 651 2699 933 Eduard: Aber schreiben wirst du ihm doch?
587 840 2649 1075 Lili: Allen guten Bekannten. Auch Euch.
529 1002 2728 1226 Eduard: Mir nicht, ich werde ja dort sein.
546 1127 2591 1400 (Man tieht die Mutter wieder kommen),
564 1325 2065 1563 Lill. Geh jetzt.
596 1458 2449 1694 Eduard: Wir sind noch nicht fertig.
590 1604 2440 1856 Lili: Morgen reden wir weiter.
598 1726 2902 1984 Eduard: Gleich. Ich geh auf den Katzenstein.
610 1914 2263 2156 Ich wart auf dich im Hüttel.
610 2106 2100 2318 Lili: Kannat hing warten.
604 2199 2827 2431 Eduard: Wenn du nicht kommst,erschiess ich
578 2423 1421 2649 mich. (er geht).
880 2580 1345 2696 Li Ruhin.
619 2556 2870 2870 Katti kommt. Der Pfarrer lässt sagen, dass er
622 2763 1856 2978 heut nicht kommen wird.
1987 2867 2385 3018 G.C.F.P.P
1752 2902 1932 3012 G.H.
651 2905 2036 3094 Lil: Bei dem Wetter -
627 2946 2963 3291 Katti: Nein, er hat einen Brief bekommen, seit
659 3198 2033 3419 dem ist er sehr aufgeregt.
1545 3367 1772 3524 G.C.H.F.P
639 3370 1505 3579 10. Eduard=Lili.
648 3471 2818 3800 Eduard: Glaubst du,es war alles zum Spaas?
819 3666 2893 3954 hätt ich von deinen Briefen an die Mut-
3820 529 5952 790 Lili: Kann dir extra schreiben. Poste rest
3823 715 5691 918 se. Chiffre: Nachppüfung in Latein.
3849 845 6095 1101 (Man sieht die Mutter kommen) Und jetzt geh
3838 996 5781 1217 Norgen ist auch noch ein Tag.
3817 1092 6092 1383 Eduard: Bist du vielleicht schon fort. Muss
3817 1272 5990 1537 heut noch mit dir reden. Ich geh auf den
3826 1458 6132 1691 Katzenstein. Ich erwarte dich. Du gezt gehst
3849 1604 6127 1853 ja immer am Abend spazieren.Beim Muttergot-
3832 1728 6130 2019 tesbild. Wenn du nicht kommst erschiess ich
3858 1926 6115 2132 mich. —  ich heraus zwischen Monaten wieder
4015 1993 5941 2202 hat wir jetzt. Welle ist nicht abgeant
3675 2144 5020 2327 11. Lili-Josefa.
3864 2263 5174 2469 Josefa: Was hat er denn?
3838 2368 6086 2617 Lili: Auf den Katzenstein will er. Ich hätt
3872 2536 5996 2766 mit sollen. Kommt gleich ein Wetter.Könnt
3872 2699 6080 2917 mir einfallen. Wieso bist du schon zurück?
3875 2818 6048 3085 Josefa: Vincenz kommt heut nimmer heraus.
3881 3082 4448 3254 Telegramm.
3893 3187 4802 3422 Lili: Rackerei.
3925 3306 6109 3524 Josefa: Die Exzellenz aus Kassel ist ange¬
3919 3495 6121 3710 kommen. Man kann's glauben und auch nicht.
