<?xml version="1.0" encoding="UTF-8" standalone="yes"?>
<PcGts xmlns="http://schema.primaresearch.org/PAGE/gts/pagecontent/2013-07-15" xmlns:xsi="http://www.w3.org/2001/XMLSchema-instance" xsi:schemaLocation="http://schema.primaresearch.org/PAGE/gts/pagecontent/2013-07-15 http://schema.primaresearch.org/PAGE/gts/pagecontent/2013-07-15/pagecontent.xsd">
    <Metadata>
        <Creator>prov=READ-COOP:name=TrHtr:version=2.1.0:model_id=51170:date=30_07_2023_09:36</Creator>
        <Created>2023-05-10T13:48:31.488+02:00</Created>
        <LastChange>2023-07-30T09:36:10.982+02:00</LastChange>
        <TranskribusMetadata docId="1428596" pageId="55415410" pageNr="142" tsid="131490954" status="IN_PROGRESS" userId="64420" imgUrl="https://files.transkribus.eu/Get?id=CKBLFDCWDMPSRTAYNXPWRQVH&amp;fileType=view" xmlUrl="https://files.transkribus.eu/Get?id=PEYSFNWBJHFYEUWLWXJGIRFA" imageId="44689543"/>
    </Metadata>
    <Page imageFilename="1428596_0142.jpg" imageWidth="6632" imageHeight="4456">
        <ReadingOrder>
            <OrderedGroup id="ro_1711790134108" caption="Regions reading order">
                <RegionRefIndexed index="0" regionRef="tr_1"/>
            </OrderedGroup>
        </ReadingOrder>
        <TextRegion id="tr_1" custom="readingOrder {index:0;}">
            <Coords points="3512,457 6289,457 6289,3725 3512,3725"/>
            <TextLine id="tr_1_tl_1" custom="readingOrder {index:0;}">
                <Coords points="3497,601 3535,616 3588,601 3613,621 3679,578 3755,558 3823,561 3868,540 3929,553 3929,447 3901,457 3788,429 3755,447 3729,422 3639,447 3608,434 3586,447 3555,427 3497,447"/>
                <Baseline points="3512,507 3601,507 3691,507 3781,507 3870,507 3936,507"/>
                <TextEquiv>
                    <Unicode>29.11.1913.</Unicode>
                </TextEquiv>
            </TextLine>
            <TextLine id="tr_1_tl_2" custom="readingOrder {index:1;}">
                <Coords points="6002,722 6042,715 6065,694 6206,715 6206,505 6186,505 6174,492 6166,500 6153,487 6100,485 6042,523 6002,523"/>
                <Baseline points="6015,639 6104,639 6194,639 6212,639"/>
                <TextEquiv>
                    <Unicode>112</Unicode>
                </TextEquiv>
            </TextLine>
            <TextLine id="tr_1_tl_3" custom="readingOrder {index:2;}">
                <Coords points="4280,826 6128,821 6128,689 5669,742 5378,626 5199,611 5058,687 4280,619"/>
                <Baseline points="4294,776 4384,776 4473,782 4563,776 4653,776 4742,782 4832,782 4921,782 5011,782 5101,782 5190,782 5280,788 5369,788 5459,788 5549,788 5638,788 5728,788 5817,788 5907,788 5997,794 6086,800 6134,800"/>
                <TextEquiv>
                    <Unicode>Kaplan: Es ist wegen eines Briefs.</Unicode>
                </TextEquiv>
            </TextLine>
            <TextLine id="tr_1_tl_4" custom="readingOrder {index:3;}">
                <Coords points="4285,934 4755,942 4853,975 4911,942 5297,947 5295,866 5015,843 4941,798 4689,858 4598,826 4282,828"/>
                <Baseline points="4300,931 4390,931 4479,931 4569,931 4659,931 4748,931 4838,931 4927,931 5017,931 5107,937 5196,937 5286,937 5304,943"/>
                <TextEquiv>
                    <Unicode>Josefa: Ein Brief —</Unicode>
                </TextEquiv>
            </TextLine>
            <TextLine id="tr_1_tl_5" custom="readingOrder {index:4;}">
                <Coords points="4285,1091 6158,1124 6156,985 5653,1038 5348,947 5169,1005 4282,990"/>
                <Baseline points="4300,1087 4390,1087 4479,1087 4569,1087 4659,1087 4748,1087 4838,1087 4927,1087 5017,1087 5107,1087 5196,1087 5286,1087 5375,1087 5465,1093 5555,1093 5644,1093 5734,1099 5823,1099 5913,1099 6003,1099 6092,1099 6164,1105"/>
                <TextEquiv>
                    <Unicode>Kaplan: Ein Brief von meinem Bruder.</Unicode>
                </TextEquiv>
            </TextLine>
            <TextLine id="tr_1_tl_6" custom="readingOrder {index:5;}">
                <Coords points="4285,1247 5060,1305 5179,1262 5810,1280 5808,1154 5679,1131 5560,1177 5242,1103 4282,1139"/>
                <Baseline points="4300,1230 4390,1236 4479,1236 4569,1242 4659,1242 4748,1242 4838,1242 4927,1236 5017,1242 5107,1242 5196,1242 5286,1242 5375,1242 5465,1242 5555,1242 5644,1248 5734,1248 5817,1254"/>
                <TextEquiv>
                    <Unicode>Josefa: Der war doch eben da.</Unicode>
                </TextEquiv>
            </TextLine>
            <TextLine id="tr_1_tl_7" custom="readingOrder {index:6;}">
                <Coords points="4280,1414 5472,1457 5648,1404 6158,1477 6156,1338 6063,1300 5815,1341 5522,1293 5328,1351 4277,1310"/>
                <Baseline points="4294,1385 4384,1391 4473,1391 4563,1391 4653,1397 4742,1391 4832,1391 4921,1397 5011,1397 5101,1397 5190,1391 5280,1397 5369,1397 5459,1397 5549,1397 5638,1397 5728,1403 5817,1403 5907,1403 5997,1403 6086,1403 6164,1409"/>
                <TextEquiv>
                    <Unicode>Kaplan: Das ist eben das Sonderbare,</Unicode>
                </TextEquiv>
            </TextLine>
            <TextLine id="tr_1_tl_8" custom="readingOrder {index:7;}">
                <Coords points="4280,1545 4353,1591 4601,1550 4762,1619 5515,1555 6070,1583 6070,1449 5729,1497 5070,1432 4280,1470"/>
                <Baseline points="4294,1541 4384,1547 4473,1541 4563,1547 4653,1547 4742,1547 4832,1553 4921,1553 5011,1547 5101,1553 5190,1553 5280,1553 5369,1553 5459,1553 5549,1553 5638,1553 5728,1553 5817,1559 5907,1559 5997,1559 6074,1559"/>
                <TextEquiv>
                    <Unicode>das Beunruhigende; nicht das allein</Unicode>
                </TextEquiv>
            </TextLine>
            <TextLine id="tr_1_tl_9" custom="readingOrder {index:8;}">
                <Coords points="4285,1747 4441,1702 4580,1752 5967,1740 5967,1598 5883,1583 4694,1586 4570,1649 4285,1591"/>
                <Baseline points="4300,1696 4390,1696 4479,1696 4569,1696 4659,1702 4748,1702 4838,1702 4927,1702 5017,1702 5107,1702 5196,1702 5286,1708 5375,1708 5465,1708 5555,1708 5644,1708 5734,1708 5823,1708 5913,1708 5973,1714"/>
                <TextEquiv>
                    <Unicode>ist beunruhigend. Ich hatte wohl</Unicode>
                </TextEquiv>
            </TextLine>
            <TextLine id="tr_1_tl_10" custom="readingOrder {index:9;}">
                <Coords points="4275,1879 5573,1863 6118,1934 6267,1891 6267,1798 4272,1737"/>
                <Baseline points="4288,1851 4378,1851 4467,1851 4557,1851 4647,1851 4736,1851 4826,1857 4915,1851 5005,1857 5095,1857 5184,1857 5274,1857 5363,1857 5453,1857 5543,1863 5632,1863 5722,1863 5811,1863 5901,1863 5991,1869 6080,1869 6170,1869 6259,1869 6271,1869"/>
                <TextEquiv>
                    <Unicode>nicht die Absicht Sie zu belästigen, es</Unicode>
                </TextEquiv>
            </TextLine>
            <TextLine id="tr_1_tl_11" custom="readingOrder {index:10;}">
                <Coords points="4260,2038 5522,2020 5739,2078 6113,2025 6110,1894 6055,1881 5833,1929 5522,1868 4611,1927 4257,1886"/>
                <Baseline points="4270,2001 4360,2001 4450,2001 4539,2006 4629,2006 4718,2006 4808,2006 4898,2006 4987,2012 5077,2012 5166,2012 5256,2012 5346,2012 5435,2012 5525,2012 5614,2012 5704,2012 5793,2012 5883,2012 5973,2018 6062,2018 6116,2018"/>
                <TextEquiv>
                    <Unicode>war nicht einmal meine Absicht hier</Unicode>
                </TextEquiv>
            </TextLine>
            <TextLine id="tr_1_tl_12" custom="readingOrder {index:11;}">
                <Coords points="4277,2197 5320,2166 5820,2260 6219,2197 6179,2083 4275,2038"/>
                <Baseline points="4288,2156 4378,2156 4467,2156 4557,2156 4647,2162 4736,2162 4826,2162 4915,2162 5005,2162 5095,2162 5184,2162 5274,2162 5363,2162 5453,2162 5543,2168 5632,2168 5722,2168 5811,2168 5901,2174 5991,2174 6080,2174 6170,2174 6224,2174"/>
                <TextEquiv>
                    <Unicode>vorbeizukommen, aber vielleicht ist es</Unicode>
                </TextEquiv>
            </TextLine>
            <TextLine id="tr_1_tl_13" custom="readingOrder {index:12;}">
                <Coords points="4267,2341 4462,2313 4676,2366 4818,2326 5000,2361 5060,2318 5136,2338 5136,2290 4691,2182 4636,2204 4583,2184 4522,2219 4457,2194 4424,2217 4265,2204"/>
                <Baseline points="4282,2305 4372,2311 4461,2311 4551,2311 4641,2311 4730,2311 4820,2311 4909,2317 4999,2323 5089,2317 5142,2317"/>
                <TextEquiv>
                    <Unicode>ein Fingerzeig -</Unicode>
                </TextEquiv>
            </TextLine>
            <TextLine id="tr_1_tl_14" custom="readingOrder {index:13;}">
                <Coords points="4257,2510 5808,2497 5805,2351 5641,2331 4255,2333"/>
                <Baseline points="4270,2460 4360,2460 4450,2460 4539,2460 4629,2460 4718,2460 4808,2466 4898,2466 4987,2466 5077,2466 5166,2472 5256,2472 5346,2466 5435,2472 5525,2472 5614,2472 5704,2472 5793,2478 5811,2478"/>
                <TextEquiv>
                    <Unicode>Josefa: So sprechen Sie doch.</Unicode>
                </TextEquiv>
            </TextLine>
            <TextLine id="tr_1_tl_15" custom="readingOrder {index:14;}">
                <Coords points="4262,2702 4744,2626 5951,2679 6110,2636 6110,2563 4886,2480 4636,2548 4260,2528"/>
                <Baseline points="4276,2622 4366,2616 4456,2616 4545,2616 4635,2616 4724,2622 4814,2622 4903,2622 4993,2622 5083,2628 5172,2622 5262,2622 5351,2628 5441,2628 5531,2628 5620,2628 5710,2628 5799,2628 5889,2628 5979,2628 6068,2628 6116,2622"/>
                <TextEquiv>
                    <Unicode>Kaplan: Nämlich, als ich vom Bahnhof</Unicode>
                </TextEquiv>
            </TextLine>
            <TextLine id="tr_1_tl_16" custom="readingOrder {index:15;}">
                <Coords points="4257,2793 6282,2805 6282,2707 6098,2684 4969,2719 4669,2636 4257,2687"/>
                <Baseline points="4270,2759 4360,2765 4450,2765 4539,2765 4629,2765 4718,2771 4808,2771 4898,2771 4987,2777 5077,2777 5166,2771 5256,2771 5346,2777 5435,2777 5525,2777 5614,2777 5704,2777 5793,2783 5883,2783 5973,2783 6062,2783 6152,2783 6241,2783 6289,2789"/>
                <TextEquiv>
                    <Unicode>wieder nach Hause kam sah ich zu meinem</Unicode>
                </TextEquiv>
            </TextLine>
            <TextLine id="tr_1_tl_17" custom="readingOrder {index:16;}">
                <Coords points="4245,2934 4717,2929 4952,3012 5391,2926 6267,3007 6234,2820 5840,2886 4245,2800"/>
                <Baseline points="4258,2920 4348,2920 4438,2920 4527,2920 4617,2920 4706,2920 4796,2920 4886,2926 4975,2926 5065,2926 5154,2926 5244,2926 5334,2926 5423,2926 5513,2926 5602,2932 5692,2932 5782,2932 5871,2932 5961,2938 6050,2938 6140,2938 6230,2938 6271,2944"/>
                <TextEquiv>
                    <Unicode>Erstaunen einen Brief auf meinem Tisch</Unicode>
                </TextEquiv>
            </TextLine>
            <TextLine id="tr_1_tl_18" custom="readingOrder {index:17;}">
                <Coords points="4245,3108 6252,3108 6249,3002 6103,2974 5982,3035 5522,3035 5244,2974 4494,3015 4242,2952"/>
                <Baseline points="4258,3076 4348,3076 4438,3076 4527,3076 4617,3076 4706,3076 4796,3076 4886,3082 4975,3082 5065,3082 5154,3082 5244,3082 5334,3082 5423,3082 5513,3082 5602,3088 5692,3088 5782,3088 5871,3088 5961,3094 6050,3094 6140,3094 6230,3094 6259,3094"/>
                <TextEquiv>
                    <Unicode>liegen mit meiner Adresse von der Hand</Unicode>
                </TextEquiv>
            </TextLine>
            <TextLine id="tr_1_tl_19" custom="readingOrder {index:18;}">
                <Coords points="4245,3242 4406,3260 4484,3229 4588,3282 4739,3237 4830,3275 4888,3232 5045,3267 5070,3262 5068,3088 4863,3134 4724,3126 4633,3080 4517,3088 4242,3169"/>
                <Baseline points="4258,3225 4348,3225 4438,3225 4527,3225 4617,3231 4706,3231 4796,3231 4886,3231 4975,3237 5065,3243 5077,3243"/>
                <TextEquiv>
                    <Unicode>meines Bruders.</Unicode>
                </TextEquiv>
            </TextLine>
            <TextLine id="tr_1_tl_20" custom="readingOrder {index:19;}">
                <Coords points="4250,3421 5954,3414 5954,3325 5699,3272 5154,3280 5065,3336 4868,3275 4578,3323 4250,3262"/>
                <Baseline points="4264,3380 4354,3380 4444,3380 4533,3386 4623,3380 4712,3380 4802,3380 4892,3386 4981,3386 5071,3386 5160,3392 5250,3392 5340,3392 5429,3392 5519,3392 5608,3398 5698,3398 5788,3392 5877,3392 5961,3398"/>
                <TextEquiv>
                    <Unicode>Josefa: Der eben abgereist war -</Unicode>
                </TextEquiv>
            </TextLine>
            <TextLine id="tr_1_tl_21" custom="readingOrder {index:20;}">
                <Coords points="4237,3578 6098,3570 6095,3452 5977,3404 5787,3401 5676,3472 5492,3409 4909,3462 4234,3416"/>
                <Baseline points="4252,3542 4342,3536 4432,3542 4521,3536 4611,3542 4700,3542 4790,3542 4880,3542 4969,3542 5059,3542 5148,3542 5238,3542 5328,3542 5417,3542 5507,3548 5596,3548 5686,3554 5776,3554 5865,3554 5955,3554 6044,3554 6104,3554"/>
                <TextEquiv>
                    <Unicode>Kaplan: Ich habe keinen andern. Und</Unicode>
                </TextEquiv>
            </TextLine>
            <TextLine id="tr_1_tl_22" custom="readingOrder {index:21;}">
                <Coords points="4234,3729 4636,3702 4916,3770 5247,3712 5532,3777 5840,3709 6181,3767 6179,3598 6037,3563 5363,3651 4232,3580"/>
                <Baseline points="4246,3691 4336,3691 4426,3697 4515,3697 4605,3691 4694,3697 4784,3697 4874,3703 4963,3697 5053,3697 5142,3703 5232,3703 5322,3703 5411,3703 5501,3703 5590,3703 5680,3709 5770,3709 5859,3709 5949,3715 6038,3715 6128,3715 6188,3709"/>
                <TextEquiv>
                    <Unicode>dieser Brief, den  versteh ich nicht.</Unicode>
                </TextEquiv>
            </TextLine>
        </TextRegion>
    </Page>
</PcGts>
