6568 4168
4076 505 5044 758 Felix: Austrinken!
4060 704 6173 901 Lilly: Ich kann aber nimmer. Da sind ja
4076 871 6179 1073 dreiviertel Liter drin und da steht ei-
4068 987 6230 1202 ner, der ist durstiger wie ich, (sie reicht
4076 1194 6179 1390 Eduard, der sie die ganze Zeit fast unun-
4087 1347 6090 1530 terbrochen aagestarrt hat, das Glas hin)
4076 1484 6001 1643 Ist es gefällig, junger Herr?
4063 1632 5767 1823 Eduard (nimmt das Glas, leert es.)
4052 1801 6082 2008 Felix (steht mit gerunzelter Stirn d. J.
4044 1965 5367 2159 Lilly: Hat's g'schmeckt?
4057 2103 4824 2296 Eduard: Danke.
4063 2213 6171 2455 Vincenz (auf die Uhr sehend): Jetzt ist's
4044 2439 6007 2603 aber wirklich die höchste Zeit. (zu
4028 2557 5870 2751 Felix) Kommen Sie mit,Herr Doktor?
4033 2737 6184 2874 Felix (auf die Uhr sehend): Donnerwetter!
4039 2874 6168 3044 Ja, wenn man zu Fuss zur Bahn gehen will-
4039 2998 6125 3245 Lilly: Aber das will man doch nicht. Das
4030 3194 5988 3377 will nur der Meister Fradl wegen dem
4039 3331 6095 3495 Magerwerden. Sie fahren mit dem Omni-
4022 3482 5587 3708 bus,wie gewöhnlich, der xxx
