6680 4344
6072 393 6242 640 94
4258 587 6388 829 bin ja kein Professor. Und in die Zeitun-
4253 760 6364 946 gen schreib ich auch nicht. Und jedenfalls
4263 978 6306 1132 ist noch Zeit darüber zu reden. Mach zu-
4253 1116 5424 1225 erst deine Prüfung.
4258 1185 6309 1456 Eduard. Also, nimm an ich hab' meine Prü-
4253 1426 6301 1612 fung schon gemabht. Was würdest du dann
4258 1570 4601 1742 sagen?
4263 1684 6306 1897 Lilly: Dass es die unsinnigste Idee von
4253 1843 6258 2035 der Welt ist. (mit dem Kontrakt) Schau
4263 1984 6325 2157 einmal her,achtzig Gulden Monatsgage. Das
4255 2173 6208 2351 wär' so was für den jungen Herrn. Sei
4258 2292 6149 2515 froh,dass duis nicht notwendig hast,
4258 2415 6295 2662 Sei froh, dass dich dei ne Eltern studie-
4253 2667 6322 2818 ren lassen,und dass du was Gescheidteres
4245 2818 6359 2925 anfangen kannst als zum Theater zu gehen.
4258 2898 6186 3132 Eduard: Es gibt nichts Gescheidteres.
4253 3057 6139 3265 Für mich gibt’s nichts Gescheidters.
4239 3230 6139 3379 Ueberhaupt nichts anderes gibt’s für
4226 3413 6109 3567 mich. Weil ich dort sein will wo du
4239 3543 4524 3724 bist.
