6536 4152
783 1823 1059 2099 G.H.F.P.
409 2156 1422 2348 rejusd aab xxxe6
872 2305 1430 2525 d ou r d a r I
764 2484 926 2617 G.H.F.P.
3546 187 4534 423 Som W. Zill.
5724 282 6260 517 55 4 +
5171 298 5434 490 42
4014 379 6119 666 Nicht lange hoff ich, sendest ihn zurück.
4044 599 6054 837 (sie wiederholt die beiden letzten Ver-
3998 775 5407 913 se mit besserem Ausdruck).
4020 1016 6133 1238 (Indessen schon kurz nach dem Verschwin-
4014 1208 6035 1379 den Eduards ist ein Offizier von links
3995 1398 6116 1606 her erschienen und ist durch die Deklama.
3993 1563 6122 1750 tion Lillys aufmerksam gemacht,stehen ge-
3990 1709 5940 1834 blieben. Wie Lilly endet ruft er nicht
3982 1847 5260 2021 sehr laut: „Bravo(Brave!)
3979 1972 6059 2221 Lilly (wendet sich um erblickt ihn,schaut
3968 2148 4605 2332 ihn nur an).
3976 2302 5355 2484 Offizier (nochmals): Bravo!
3968 2451 4884 2644 Lilly: Wie bitte?
3960 2571 6024 2795 Offizier: Bitte sehr um Entschuldigung,
3968 2739 6143 2947 verehrtes Fräulein, aber da mich der Zufall
3944 2882 6035 3118 zum Publikum gemacht hat, fühle ich mich
3944 3050 6097 3229 verpflichtet mich auch in diesem Sinne zu
3944 3207 6059 3440 benehmen. (etwas näher tretend), aber noch
3944 3372 6070 3605 nicht im Garten) Darf ich fragen, welchen
