6456 4056
716 416 1678 646 ard: Ha, zur Mutter
556 582 2525 780 Lili: Und zu wem sonst ich fahren will
547 756 2632 905 8. Briefträger bringt das rekommandierte
1963 777 2737 922 Co. Telephon diese
558 849 2667 1097 Schreiben mit dem Kontrakt, Heut kriegen
561 1044 2278 1271 wir ein ordentliches Wetter. Geht.
564 1193 1382 1417 9. Lili-Eduard.
573 1257 2909 1489 Lili: Jetzt ist einer neugierig. Mein Vertrag.
576 1513 2760 1719 Eduard: Innsbruck? Hab' ja neulich gehört.
561 1664 1582 1862 Lili: Für ein Jahr.
585 1795 2885 2001 Eduard: Ich hab ja was mit dir reden wollen.
567 1949 2903 2208 Hast heute Früh gesagt, ich habe Talent. Will
567 2126 1489 2315 auch zum Theater.
1620 2182 1847 2289 G.C.F.F:P
573 2260 2679 2470 Lili: Unsinn. Schau her. Achtzig Gulden.
590 2429 2795 2632 Gage. Sei froh, dass du's nicht nötig hast.
582 2577 2563 2781 Eduard: Ich will dort sein,wo du bist.
582 2670 2894 2923 Lili: (erschreckt, aber scherzhaft)Sehr schmät-
599 2906 1065 3098 chelhaft.
1492 2938 1812 3060 G.H.F.P.
579 3048 2417 3246 Eduard: Empfiehl mich dem Direktor.
2493 3098 2717 3223 G.H.F.P.
599 3188 1952 3389 Lili: Als Zettelaustrager.
599 3348 1995 3546 Eduard: Ich fahr dir nach.
300 3357 477 3621 96
596 3488 2664 3677 Lili: Ich werd mit deiner Mutter reden.
576 3639 2871 3877 Eduard: Dann erschiess ich mich, ich schwör '
3717 471 5055 716 Lili: Versündige dich nicht
3746 684 5242 844 Eduard: Es gibt keine Sünde.
3729 826 5835 1015 Lili: Eine Gemeinheit gegen deine Eltern
3741 963 5908 1178 Eduard: Hängt ja nur von dir ab. Musst ja
3752 1117 5934 1323 der Mutter nichts sagen. Kann dort von Lekt
4724 1254 5530 1466 Monsieur M r de
3752 1294 4642 1483 nen leben.
3764 1408 5975 1626 Lili: Geduld. Zuerst Matura. Vielleicht er.
3746 1562 5518 1789 lauben's deine Eltern.
3746 1702 5704 1931 Eduard: ich fahr dir nach’gleich.
3746 1879 5826 2103 Lili: Nicht ritterlich, Kompromittierst
4267 2024 5361 2246 . Jegen xxx nicht xxx
3732 2068 4066 2202 mich.
3741 2216 6041 2429 Eduard: Aber der Doktor darf dich kompromit.
3758 2382 4130 2568 tieren.
4212 2394 4526 2568 G.H.F.P.
3752 2472 3970 2568 G.H.F.P.
3770 2455 6073 2725 Wili: Der kommt nicht nach Innsbruck. In Wien
5276 2627 5527 2731 P.M. De
3741 2676 5111 2877 im Krankenhaus angestellt.
4413 2789 4718 2915 doch
3741 2795 5547 3031 Eduard: Es ist auch nicht möglich,
3723 3002 5064 3203 den faden Kerl gern hast.
3717 3051 5902 3345 Lili: Ein guter Bekannter. Haben ihn holen
3735 3299 5873 3511 lassen, wie die Mutter Halsweh gehabt hat.
3901 3406 5983 3662 er mein Bräutigam, so ging ich nicht mit
