6648 4456
6096 510 6259 676 90
4219 671 6333 915 brauchst keine Angst zu haben, ich tu ihm
4232 863 4629 1020 nichts.
4229 947 6265 1178 Lilly: Du tust ihm nichts. Aber geh!Du
4229 1126 6244 1312 bist ja wirklich sehr gnädig. Was bil¬
4226 1270 6138 1483 d'st du dir denn überhaupt ein.Statt
4226 1428 6246 1623 dass du dich geschmeichelt fühlst, dass
4584 1560 4831 1654 [illegible]
4237 1604 6149 1773 so ein Mensch mit dir auf gleich und
4237 1725 6238 1925 gleich verkehrt, dich wie einen erwach-
4245 1899 5589 2059 senen Menschen behandelt -
4245 2051 5875 2257 Eduard: Ich bin kein Bub.Lilly.
4247 2159 6188 2378 Lilly: Aber (korz) was für einer. Das ist ja
4255 2364 6175 2512 noch deine einzige Entschuldigung für
4245 2493 6194 2722 so ein Benehmen. Und wenn so was noch
4245 2677 5142 2827 einmal vorkommt -
4234 2817 5628 3011 Eduard: Also,was ist dann?
4253 2953 6325 3169 Dilly: Ich bin imstande und fahr direkt
4247 3148 5715 3322 nach Wien hinein zur Mutter.
4242 3298 5415 3487 Eduard: Zur Mutter, ja.
4255 3424 6057 3695 Lilly: Und zu wem sonst ich fahren
4255 3608 4542 3766 will.
4255 3735 5005 3911 Eduard: Lilly!
