6648 4328
5911 354 6152 563 102
4247 542 6356 789 bisl auf deine Carriere vorbereiten wür¬
4255 715 6181 878 dest. Du könntest ja ein paar Rollen
4244 846 6215 1030 studieren so für dich und wenn ich zu
4265 1001 5473 1197 Weihnachten herkomm", —
4260 1100 6181 1341 Eduard: Du kommst zu Neihnachten her
4265 1323 6346 1538 Lilly: Natürlich komm ich zu Weihnachten
4255 1478 6207 1632 her. Da wird acht Tag nicht gespielt.
4247 1640 6270 1782 Und am Palmeenntag ist überhaupt sehen
5298 1750 5541 1844 Dann
4255 1766 6165 1965 sus xxx
4265 1910 6354 2106 dich deine Rollen,und wir probieren
4260 2080 6275 2243 miteinander und ich werde sehen,was du
4255 2227 6220 2405 für Fortschritte gemacht hast. Und am
4265 2376 6154 2552 Palmsonntag ist die Saison überhaupt
4255 2526 6351 2717 schon aus, da komm ich wieder ganz her
4258 2672 6309 2866 und im Sommer bin ich vielleicht wieder
4265 2840 6220 3016 ein paar Wochen bei Euch auf dem Land
4271 3003 5940 3189 und wer weiss, im nächsten Jahr -
4265 3162 6178 3380 Eduard: Das dauert alles so lang und
4255 3293 6126 3472 wer weiss was alles geschieht in so
