6552 4200
3336 294 3817 516 23.1.1913.
4047 465 6192 705 Kaplan: (kommt von rechts): Robert! (rasch
3433 598 3897 804 Bene d
4084 646 4739 823 auf ihn zu).
3406 759 3828 938 Repber ist,
4100 812 5639 967 Offizier: Mein lieber Bruder!
4090 938 5150 1133 Kaplan: Das ist ja —
4098 1095 6042 1277 Lilly: Wir haben unterdessen Bekannt-
4092 1175 6168 1477 schaft gemacht,Hochwürden, der Herr Leut-
4090 1405 4790 1587 nant und ich.
4095 1533 4995 1742 Kaplan: Ich sehe.
465 1517 654 1707 G.H.F.P.
4095 1712 6104 1883 Offizier: Da ich dich zuhaus nicht an¬
4108 1862 6163 2070 traf habe ich einen kleinen Spaziergang
4087 2014 4581 2198 gema cht. -
4092 2156 6096 2353 Kaplan: So früh hab' ich dich nicht er-
4084 2340 5636 2466 wartet. Wie ist es denn nur -
4098 2412 6155 2653 Offizier: Das werde ich dir schon alles
4095 2583 6090 2738 erklären.Also, mein verehrtes Fräulein,
4092 2714 6056 2922 ich danke Ihnen sehr für diese schöne
4084 2920 6157 3091 Viertebstunde, die Sie mir geschenkt ha-
4076 3043 6147 3246 ben. Hoffentlich habe ich einmal - Ver-
4084 3184 6008 3347 gnügen.das Glück Sie wiederzusehen.
4098 3339 6114 3523 Lilly: Ganz meinerseits,Herr Leutnant.
