6648 4328
6001 320 6173 552 99
4199 481 6120 727 ter gehen willst. Es ist ja wirklich
4199 690 6146 854 möglich, dass du - Ja, ich glaub schon,
4210 843 6289 1036 du hast was dafür. Und wer weiss, wie ich
4212 978 6334 1181 dei ne Eltern kenne,- ja,warum sollten sic
4210 1181 6260 1334 denn eigentlich was dagegen haben? Aber
4202 1276 6065 1488 das ein Jahr müsstest du doch noch
4199 1445 6220 1665 aushalten. Du wirst’s doch nicht drauf
4202 1607 6051 1807 ankommen lassen,dass dein Vater dir
4204 1765 5843 1963 nachfahrt und dich zurückholt -
4210 1937 6154 2109 Eduard: Zum Zurückholen gehören Zwei.
4210 2080 6287 2273 Lilly: Aber einen fürchterlichen Skandal
4212 2238 6125 2405 gäbe es doch jedenfalls. Und das wär
4217 2391 6059 2553 ja auch für mich sehr schlecht. Das
4217 2497 6263 2716 könnt mich meine ganze Carriere kosten.
4212 2645 6102 2846 Man könnte glauben, ich hab (d### h ver-
4212 2809 6162 3023 lockt. Ich hab dir den Kopf verdreht.
4212 2989 6178 3197 Na jedenfalls könnten's böse Menschen
4217 3150 6178 3337 gegen mich ausnützen, und ich wär kom-
4223 3303 6273 3499 promittiert. Kompromitteert wär' ich in
4212 3472 6120 3644 jedem Fall.In so einer kleinen Stadt
