6648 4440
6048 518 6211 684 89
4178 636 6328 844 Gesicht auf dem Boden, fängt zu schluchzen
4175 823 4867 1058 an, unhörbar).
4186 927 6136 1191 Lilly (erschrocken und ergriffen): Da
4172 1135 6000 1333 hört sich aber doch alles - So ein
4181 1277 6136 1456 grosser Bub und weint. Schämstdu dich
4181 1413 6090 1608 denn gar nicht? Wenn du nicht augen-
4175 1581 6165 1755 blicklich aufstehst und zu weinen auf¬
4175 1752 4560 1942 hörst —
4181 1875 6117 2105 Eduard (mit einer raschen Bewegung,so
4186 2076 6042 2257 dass er noch seitlich auf dem Boden
4186 2177 6171 2466 liegt, den Kopf auf einen Arm gestützt,
4186 2409 6085 2527 zu Lilly aufblickend): Was fällt dir
4181 2559 5407 2717 denn ein, dass ich wein.
4191 2658 6088 2818 Lilly: 'Also dann hast du Komödie ge¬
4191 2813 6189 3010 spielt. Wahrscheinlich ist dir der Ro-
4175 2930 6227 3149 meo zu Kopf gestiegen. Aber wenn du mir
4191 3109 6315 3294 solche Sachen machst, dann hat sich’s aus-
4172 3251 6171 3481 geromeot und gejult zwischen uns. Und
4186 3387 6259 3582 solche Bemerkungen - ich versicher dich
4189 3569 6147 3809 Eduard (ist langsam aufgestanden): Du
