6552 4264
4029 505 4431 695 fallst.
4029 642 5903 857 Lilly (erhebt sich in der Hängematte,
4034 804 5190 1007 reibt sich die Augen).
4040 970 5150 1166 Josefa: Guten Morgen.
4032 1097 5996 1314 Lilly: Wie spät ist's da n? Schon die
4032 1290 4444 1462 Jausen?
4042 1369 6038 1626 Eduard: Drei volle Stunden hast du ge-
4056 1613 4547 1761 schlafen.
4061 1708 6057 1906 Lilly: Wie dermich kontrolliert. (sie
4063 1859 5980 2104 gleitet aus der Hängematte; ist in ei-
4066 1999 5967 2208 ner Art Hängeschürzenkleid, hinten zu
4074 2192 6099 2356 knöpfen, nicht ganz geschlossen.Sie ver-
4077 2303 6205 2564 sucht selbst die Knöpfe hinten zu schlies-
4090 2464 6083 2697 sen, da es ihr nicht gelingt nimmt sie
4090 2625 6165 2853 einen leichten Shawl, der auf dem Polster
4090 2789 6004 3017 der Hängematte lag,um die Schultern.)
4098 2935 5909 3157 Josefa. Ich hab' dich nicht wecken
4114 3143 4502 3289 wollen.
4103 3223 6054 3450 Lilly: Herrgott, hab' ich gut geschla-
4095 3360 6165 3667 fen. Und was ich zusammen geträumt hab.
