6552 4232
5902 287 6080 441 44
4055 441 6187 718 Angst gehabt, ich könnte mich verschlafen,
4058 574 6197 909 wenn ich mich nicht von der Kathi wecken
4066 858 4406 1042 lasse.
4077 997 5942 1185 Felix: Sie hätte ja klopfen können.
4077 1121 6096 1337 Lilly: Mit ihrem Punpern hätt' sie das
4095 1172 6152 1488 ganze Haus aufgeweckt.) Und ich versicher
4090 1337 6219 1640 dich,Felik,hier ist ganz sicher, hier ist
4090 1592 5257 1775 noch nie was passiert.
4090 1714 6216 1945 Felix: Lilly,stell dich nicht gar so un¬
4101 1818 6208 2091 schuldig. Und versprich mir, dass du dich
4114 1988 6163 2238 nie wieder schlafen legst, ohne die bei-
4119 2230 5291 2397 den Türen abzusperren.
4122 2240 6054 2549 Lilly: Also,schön. Ich schwöre einen
4116 2517 4972 2658 feierlichen Eid.
4122 2564 6152 2790 Felix: Und Eid ist Eid, Lilly. Und - und
4140 2721 6099 3014 bei dieser Gelegenheit möchte ich mir
3675 2833 4021 3146 forte?
4146 2862 6219 3160 auch die Bemerkung erlauben, dass ich es
4148 3043 6248 3277 zum mindesten überflüssig finde,wenn xxx
4143 3274 6009 3473 eine junge Dame einen jungen Mann
4154 3447 5692 3614 aus ihrem Glas trinken lässt.
