6728 4408
6111 465 6283 655 82
4397 620 6373 815 ein Telegramm da. Was lachst du denn?
4400 768 6403 935 So wird's eben immer sein. Und mit der
4405 908 6348 1136 Zeit wird schon alles gut werden. Wer
4402 1103 6303 1261 weiss, wenn ich Erfolg hab und fleis-
4402 1233 6303 1378 dig bin, bekomm ich schon im nächsten
4400 1343 5873 1551 Jahr ein Engagement in Wien.
4395 1526 6348 1716 Josefa: Es ist ja gar nicht wahr, dass
4387 1691 6346 1863 du das möchtest. Du bist ja froh,dass
4382 1831 5680 2011 die Geschichte aus wird.
4395 1991 6208 2186 Lilly: Was hast du denn, Josefa? So
4387 2174 5820 2366 kenn' ich dich ja gar nicht.
4387 2281 6398 2506 Josefa : Ich kann das nicht leiden, dass
4367 2456 6296 2631 man so tut. Gesteh's doch wenigstens
4382 2596 6241 2801 ein. Oder gesteh’s auch nicht ein.
4377 2774 6196 2986 Schreib' ihm. Lüge ihn an,tu was du
4382 2904 4762 3084 willst.
4387 3054 6391 3247 Lilly: Also du gehst jetzt deinen Mann
4370 3224 6331 3377 abholen von der Bahn nach einer acht-
4382 3362 6356 3592 zehnjährigen Ehe und aus mir,aus mir -
4352 3539 5515 3769 willst du durchaus ein.
6000 3557 6316 3679 ahen.
