6472 4072
328 283 1548 509 Sie fragt ihn nach der Bädner an
225 422 2762 695 R Wenis intifie zu somme. La Petteur seul - Eltern todt.
344 634 2829 927 Brief: z. Ld. Regleitert d. Muss auf die Bep.
618 821 1342 988 Yours abhol
431 930 1983 1191 Ses to raillition in the
418 1085 2021 1326 Josef Bjartlichkeit ist!
464 1230 2375 1506 Ich ihreit auf er Bruss auf,
444 1432 3032 1706 Zorf. That ihn doch, daß du vom Tagegenen geb.
451 1642 1809 1870 Ld. Ich bin mich nicht
492 1809 2247 2041 ung. Der hortete uns abtreten.
837 1973 2939 2253 Umwärts wie merkte de ei La. nach
592 2205 1259 2401 Kaph. B
2063 2247 2932 2520 Hk wnt uit et
657 2314 2224 2530 Josef Steind & Hen Bude -
705 2495 1506 2694 Beple pthin
772 2643 1748 2858 Estar (havreur).
756 2762 2942 2997 kopl. Remer allein jetzt durch ein pa schone
837 2932 1494 3125 C. Blanck./.
2147 2981 2807 3116 s'il lui ville.
2144 3071 2778 3174 & help - not
776 3093 2997 3296 Ld. N. Borde Salig. J.C. het un elle
801 3196 2910 3483 erunged. Obelid un kopfer at an
866 3360 1365 3505 unter
814 3463 2192 3689 Espitl mit zusammen. -
708 3576 2678 3830 Bapt on - in - Ist
811 3705 1545 3879 him; - it is...
3827 360 5649 641 hast, Blumen und das ist noch nicht
3821 631 4165 801 Beste.
3811 727 5810 1014 Lili: Was du dir denkst,Brillanten, was
3821 930 5044 1130 Josefa: Neunzehn Jahre.
3814 1007 5755 1268 Lili: Ich wollt, ich wär neunzig und a
4477 1217 4854 1387 V.V.H.F.P
3846 1226 4400 1419 wär vorbei.
3817 1320 5948 1600 Josefa: Kind! Das Leben vor dir. Beneide
3821 1548 4735 1719 dich. (Ausbruch).
3840 1638 6116 1883 (Ueber Eduard vorher. Das ist schon ein ko-
3814 1831 4825 2044 mischer Bub).de (du).
3824 1941 6177 2211 Eventuell: Wie hat sich denn das gemacht, mit
3834 2134 5752 2311 dem Doktor?
5327 2269 5646 2524 for the
3840 2398 6186 2684 5. Der Pfarrer kommt vorüber. Kann noch nicht
3834 2604 6232 2794 bleiben. Hat eben den Bruder zur Bahn gebracht.
3846 2739 6003 2939 Lili: Er sieht dem Herrn Pfarrer ähnlich.
5044 2887 6219 3026 - i-hoi sauissen. Viel derjen¬
3827 2910 6077 3119 Nur nicht so schön.
3846 3096 6125 3248 Das nahende Gewitter. Der Pfarrer wird spä-
3846 3187 6157 3422 ter den Eduard abholen.
4741 3370 5012 3512 de la fois de
3859 3367 4641 3586 6. Josefa-Lili.
3850 3467 5971 3779 Josefa geht zur Bahn ihren Mann abholen.
