<?xml version="1.0" encoding="UTF-8" standalone="yes"?>
<PcGts xmlns="http://schema.primaresearch.org/PAGE/gts/pagecontent/2013-07-15" xmlns:xsi="http://www.w3.org/2001/XMLSchema-instance" xsi:schemaLocation="http://schema.primaresearch.org/PAGE/gts/pagecontent/2013-07-15 http://schema.primaresearch.org/PAGE/gts/pagecontent/2013-07-15/pagecontent.xsd">
    <Metadata>
        <Creator>prov=READ-COOP:name=TrHtr:version=2.1.0:model_id=51170:date=30_07_2023_09:36</Creator>
        <Created>2023-05-10T13:48:26.156+02:00</Created>
        <LastChange>2023-07-30T09:36:00.085+02:00</LastChange>
        <TranskribusMetadata docId="1428596" pageId="55415153" pageNr="103" tsid="131490915" status="IN_PROGRESS" userId="64420" imgUrl="https://files.transkribus.eu/Get?id=RTJIDMDUBABCPPJGEZYBELJM&amp;fileType=view" xmlUrl="https://files.transkribus.eu/Get?id=TOUHMUMPYANTSDAZYDJIBRNX" imageId="44689287"/>
    </Metadata>
    <Page imageFilename="1428596_0103.jpg" imageWidth="6552" imageHeight="4264">
        <ReadingOrder>
            <OrderedGroup id="ro_1711790063522" caption="Regions reading order">
                <RegionRefIndexed index="0" regionRef="tr_1"/>
            </OrderedGroup>
        </ReadingOrder>
        <TextRegion id="tr_1" custom="readingOrder {index:0;}">
            <Coords points="3798,421 6258,421 6258,3581 3798,3581"/>
            <TextLine id="tr_1_tl_1" custom="readingOrder {index:0;}">
                <Coords points="5870,517 5898,514 5928,529 5966,524 5998,534 6008,527 6044,539 6054,384 6024,376 5991,379 5961,366 5911,389 5896,376 5881,376"/>
                <Baseline points="5888,483 5966,477 6055,471"/>
                <TextEquiv>
                    <Unicode>73</Unicode>
                </TextEquiv>
            </TextLine>
            <TextLine id="tr_1_tl_2" custom="readingOrder {index:1;}">
                <Coords points="4127,780 5835,745 6084,813 6094,564 5850,517 5258,622 4132,642"/>
                <Baseline points="4144,722 4216,716 4305,710 4395,710 4484,704 4574,704 4664,698 4753,692 4843,686 4932,680 5022,674 5112,674 5201,668 5291,662 5380,662 5470,656 5559,656 5649,650 5739,644 5828,644 5918,639 6007,639 6097,633"/>
                <TextEquiv>
                    <Unicode>fach. Ich schreib ihm dann von dort.</Unicode>
                </TextEquiv>
            </TextLine>
            <TextLine id="tr_1_tl_3" custom="readingOrder {index:2;}">
                <Coords points="4127,918 4175,903 4315,931 4398,888 4503,916 4563,886 4629,926 4636,770 4566,808 4370,768 4300,803 4265,783 4240,800 4210,780 4134,780"/>
                <Baseline points="4144,871 4192,871 4281,865 4371,865 4461,859 4550,853 4640,848"/>
                <TextEquiv>
                    <Unicode>Alles zu?</Unicode>
                </TextEquiv>
            </TextLine>
            <TextLine id="tr_1_tl_4" custom="readingOrder {index:3;}">
                <Coords points="4144,1099 5155,1079 5650,961 6124,1009 6129,876 5263,866 4982,926 4877,878 4149,971"/>
                <Baseline points="4162,1021 4252,1021 4341,1015 4431,1009 4520,1009 4610,1003 4699,997 4789,997 4879,991 4968,991 5058,979 5147,979 5237,973 5327,967 5416,961 5506,961 5595,961 5685,961 5774,955 5864,949 5954,943 6043,943 6133,937"/>
                <TextEquiv>
                    <Unicode>Josefa: Bis auf den einen, der fehlt. -</Unicode>
                </TextEquiv>
            </TextLine>
            <TextLine id="tr_1_tl_5" custom="readingOrder {index:4;}">
                <Coords points="4152,1199 4869,1227 5178,1134 5665,1124 5667,1066 5371,1034 5015,1091 4157,1089"/>
                <Baseline points="4168,1176 4240,1176 4329,1170 4419,1164 4508,1164 4598,1158 4688,1152 4777,1152 4867,1146 4956,1140 5046,1134 5135,1134 5225,1128 5315,1122 5404,1116 5494,1116 5583,1110 5673,1116"/>
                <TextEquiv>
                    <Unicode>Aber er muss schon was ahnen.</Unicode>
                </TextEquiv>
            </TextLine>
            <TextLine id="tr_1_tl_6" custom="readingOrder {index:5;}">
                <Coords points="4175,1387 4892,1360 4982,1295 5110,1300 5115,1207 5035,1239 4862,1227 4822,1262 4639,1222 4488,1274 4440,1244 4180,1254"/>
                <Baseline points="4192,1325 4222,1331 4311,1325 4401,1325 4490,1319 4580,1313 4670,1307 4759,1301 4849,1301 4938,1289 5028,1289 5117,1283"/>
                <TextEquiv>
                    <Unicode>Lilly: Warum denn?</Unicode>
                </TextEquiv>
            </TextLine>
            <TextLine id="tr_1_tl_7" custom="readingOrder {index:6;}">
                <Coords points="5396,1352 5426,1365 5449,1355 5504,1365 5574,1342 5595,1352 5682,1342 5687,1244 5622,1244 5562,1269 5547,1259 5524,1267 5509,1254 5464,1267 5444,1247 5429,1257 5401,1254"/>
                <Baseline points="5410,1337 5422,1337 5512,1343 5601,1331 5691,1331"/>
                <TextEquiv>
                    <Unicode>ernst</Unicode>
                </TextEquiv>
            </TextLine>
            <TextLine id="tr_1_tl_8" custom="readingOrder {index:7;}">
                <Coords points="4167,1550 4721,1515 5035,1581 5306,1510 5479,1560 6104,1410 6129,1352 5870,1300 4496,1420 4175,1385"/>
                <Baseline points="4186,1487 4252,1481 4341,1475 4431,1469 4520,1469 4610,1463 4699,1463 4789,1457 4879,1451 4968,1445 5058,1439 5147,1439 5237,1433 5327,1433 5416,1427 5506,1421 5595,1421 5685,1415 5774,1415 5864,1403 5954,1397 6043,1397 6133,1397"/>
                <TextEquiv>
                    <Unicode>Josefa: Weil er gar so trein</Unicode>
                </TextEquiv>
            </TextLine>
            <TextLine id="tr_1_tl_9" custom="readingOrder {index:8;}">
                <Coords points="4172,1653 4413,1686 4619,1658 4671,1688 4787,1651 4814,1676 4864,1658 4869,1575 4714,1518 4631,1543 4556,1523 4503,1568 4410,1540 4175,1578"/>
                <Baseline points="4186,1648 4246,1636 4335,1630 4425,1624 4514,1618 4604,1612 4693,1606 4783,1606 4873,1606"/>
                <TextEquiv>
                    <Unicode>geschaut hat.</Unicode>
                </TextEquiv>
            </TextLine>
            <TextLine id="tr_1_tl_10" custom="readingOrder {index:9;}">
                <Coords points="4175,1859 5035,1824 5336,1726 6161,1731 6172,1565 5943,1651 5813,1586 5379,1688 4182,1703"/>
                <Baseline points="4192,1779 4198,1785 4287,1785 4377,1779 4467,1779 4556,1773 4646,1767 4735,1767 4825,1755 4914,1755 5004,1749 5094,1743 5183,1737 5273,1731 5362,1725 5452,1719 5542,1719 5631,1719 5721,1713 5810,1707 5900,1707 5989,1702 6079,1696 6169,1690"/>
                <TextEquiv>
                    <Unicode>Lilly: Er schaut immer ernst drein. Das</Unicode>
                </TextEquiv>
            </TextLine>
            <TextLine id="tr_1_tl_11" custom="readingOrder {index:10;}">
                <Coords points="4175,1994 6111,1867 6119,1731 5913,1724 5615,1834 5396,1789 5093,1856 4842,1806 4180,1864"/>
                <Baseline points="4192,1934 4240,1934 4329,1934 4419,1928 4508,1922 4598,1917 4688,1917 4777,1911 4867,1905 4956,1905 5046,1899 5135,1893 5225,1893 5315,1887 5404,1881 5494,1875 5583,1869 5673,1869 5762,1863 5852,1857 5942,1857 6031,1851 6121,1845"/>
                <TextEquiv>
                    <Unicode>ist so seine Art. Besonders,wenn mehr</Unicode>
                </TextEquiv>
            </TextLine>
            <TextLine id="tr_1_tl_12" custom="readingOrder {index:11;}">
                <Coords points="4187,2125 5738,2132 5870,2115 5878,1967 5695,1877 5201,1997 4192,2007"/>
                <Baseline points="4204,2084 4269,2084 4359,2084 4449,2078 4538,2072 4628,2072 4717,2066 4807,2066 4897,2060 4986,2054 5076,2048 5165,2042 5255,2042 5344,2036 5434,2030 5524,2024 5613,2018 5703,2012 5792,2012 5882,2012"/>
                <TextEquiv>
                    <Unicode>Leut dabei sind wie gesterhbeim</Unicode>
                </TextEquiv>
            </TextLine>
            <TextLine id="tr_1_tl_13" custom="readingOrder {index:12;}">
                <Coords points="4190,2215 4323,2190 4400,2218 4435,2193 4483,2208 4523,2183 4551,2203 4604,2185 4626,2208 4654,2195 4726,2223 4729,2145 4601,2110 4418,2137 4192,2127"/>
                <Baseline points="4204,2185 4287,2191 4377,2185 4467,2179 4556,2179 4646,2173 4735,2173"/>
                <TextEquiv>
                    <Unicode>Straussen.</Unicode>
                </TextEquiv>
            </TextLine>
            <TextLine id="tr_1_tl_14" custom="readingOrder {index:13;}">
                <Coords points="4207,2348 6131,2303 6207,2208 5830,2137 5735,2198 5286,2153 4937,2178 4769,2273 4210,2270"/>
                <Baseline points="4222,2346 4240,2346 4329,2341 4419,2335 4508,2335 4598,2329 4688,2323 4777,2323 4867,2317 4956,2317 5046,2305 5135,2299 5225,2299 5315,2293 5404,2293 5494,2287 5583,2287 5673,2281 5762,2275 5852,2275 5942,2269 6031,2263 6121,2263 6210,2257"/>
                <TextEquiv>
                    <Unicode>Josefa: Das ist mir nicht einmal aufge-</Unicode>
                </TextEquiv>
            </TextLine>
            <TextLine id="tr_1_tl_15" custom="readingOrder {index:14;}">
                <Coords points="3783,2444 3816,2459 3846,2444 3861,2451 3876,2439 3909,2449 3989,2418 4032,2426 4032,2326 3986,2301 3936,2321 3914,2311 3863,2326 3853,2316 3838,2321 3813,2298 3781,2296"/>
                <Baseline points="3798,2406 3887,2412 3977,2412 4037,2406"/>
                <TextEquiv>
                    <Unicode>Babque</Unicode>
                </TextEquiv>
            </TextLine>
            <TextLine id="tr_1_tl_16" custom="readingOrder {index:15;}">
                <Coords points="4200,2501 5371,2454 5544,2499 6006,2423 6008,2346 5419,2303 5000,2366 4724,2336 4553,2439 4205,2426"/>
                <Baseline points="4216,2490 4222,2496 4311,2490 4401,2490 4490,2484 4580,2484 4670,2478 4759,2472 4849,2466 4938,2466 5028,2460 5117,2460 5207,2454 5297,2448 5386,2442 5476,2436 5565,2436 5655,2430 5745,2430 5834,2424 5924,2418 6013,2418"/>
                <TextEquiv>
                    <Unicode>fallen. Aber heut Vormittag auf der</Unicode>
                </TextEquiv>
            </TextLine>
            <TextLine id="tr_1_tl_17" custom="readingOrder {index:16;}">
                <Coords points="4200,2647 5730,2619 6031,2589 6104,2474 5865,2428 5527,2506 4900,2476 4594,2582 4205,2564"/>
                <Baseline points="4216,2645 4222,2645 4311,2645 4401,2639 4490,2633 4580,2633 4670,2627 4759,2621 4849,2615 4938,2615 5028,2609 5117,2603 5207,2597 5297,2591 5386,2591 5476,2591 5565,2585 5655,2579 5745,2579 5834,2573 5924,2567 6013,2561 6103,2561"/>
                <TextEquiv>
                    <Unicode>station, bevor er mit dem Vinzenz zu¬</Unicode>
                </TextEquiv>
            </TextLine>
            <TextLine id="tr_1_tl_18" custom="readingOrder {index:17;}">
                <Coords points="4220,2805 5881,2750 5913,2644 4225,2719"/>
                <Baseline points="4234,2800 4305,2794 4395,2794 4484,2788 4574,2782 4664,2776 4753,2782 4843,2771 4932,2765 5022,2759 5112,2753 5201,2753 5291,2753 5380,2747 5470,2741 5559,2735 5649,2729 5739,2729 5828,2723 5918,2729"/>
                <TextEquiv>
                    <Unicode>sammen weggefahren ist,da ist er</Unicode>
                </TextEquiv>
            </TextLine>
            <TextLine id="tr_1_tl_19" custom="readingOrder {index:18;}">
                <Coords points="4220,2950 5988,2910 6161,2878 6167,2750 4222,2875"/>
                <Baseline points="4234,2950 4287,2950 4377,2944 4467,2944 4556,2938 4646,2938 4735,2932 4825,2926 4914,2920 5004,2914 5094,2908 5183,2908 5273,2902 5362,2896 5452,2896 5542,2890 5631,2890 5721,2884 5810,2884 5900,2878 5989,2872 6079,2866 6169,2866"/>
                <TextEquiv>
                    <Unicode>auf und abgelaufen auf dem Perron mit</Unicode>
                </TextEquiv>
            </TextLine>
            <TextLine id="tr_1_tl_20" custom="readingOrder {index:19;}">
                <Coords points="4232,3133 6104,3066 6109,2925 5504,2958 5324,2905 4235,3036"/>
                <Baseline points="4246,3099 4317,3099 4407,3099 4496,3093 4586,3093 4676,3087 4765,3081 4855,3081 4944,3075 5034,3069 5123,3069 5213,3063 5303,3057 5392,3051 5482,3045 5571,3045 5661,3045 5751,3039 5840,3039 5930,3033 6019,3027 6109,3027"/>
                <TextEquiv>
                    <Unicode>einem Gesicht sag ich dir- Pass auf,</Unicode>
                </TextEquiv>
            </TextLine>
            <TextLine id="tr_1_tl_21" custom="readingOrder {index:20;}">
                <Coords points="4215,3261 4277,3289 4438,3261 4511,3302 4568,3251 4691,3239 5181,3249 5188,3101 4970,3133 4669,3091 4496,3199 4217,3184"/>
                <Baseline points="4228,3254 4293,3254 4383,3254 4473,3248 4562,3248 4652,3242 4741,3236 4831,3230 4920,3230 5010,3224 5100,3218 5189,3218"/>
                <TextEquiv>
                    <Unicode>er fahrt dir nach.</Unicode>
                </TextEquiv>
            </TextLine>
            <TextLine id="tr_1_tl_22" custom="readingOrder {index:21;}">
                <Coords points="4232,3487 4420,3512 4937,3394 5216,3439 5489,3364 6189,3367 6252,3349 6257,3209 4242,3302"/>
                <Baseline points="4252,3415 4287,3410 4377,3410 4467,3410 4556,3404 4646,3398 4735,3392 4825,3380 4914,3380 5004,3374 5094,3374 5183,3368 5273,3362 5362,3362 5452,3356 5542,3356 5631,3350 5721,3344 5810,3344 5900,3338 5989,3332 6079,3332 6169,3320 6258,3320"/>
                <TextEquiv>
                    <Unicode>Lilly: Das wird er nicht tun. Das kann</Unicode>
                </TextEquiv>
            </TextLine>
            <TextLine id="tr_1_tl_23" custom="readingOrder {index:22;}">
                <Coords points="4235,3600 6139,3522 6144,3422 5522,3384 4240,3512"/>
                <Baseline points="4252,3565 4264,3565 4353,3565 4443,3571 4532,3565 4622,3559 4711,3553 4801,3547 4891,3541 4980,3535 5070,3535 5159,3529 5249,3523 5338,3523 5428,3511 5518,3511 5607,3505 5697,3499 5786,3499 5876,3493 5966,3493 6055,3487 6145,3481"/>
                <TextEquiv>
                    <Unicode>er ja gar nicht. Da müsst' er erst um</Unicode>
                </TextEquiv>
            </TextLine>
        </TextRegion>
    </Page>
</PcGts>
