6536 4216
164 1846 506 2061 meb aus
497 3588 748 3772 G.H.F.P.
3864 503 4198 699 digt.
3870 630 5267 862 Josefa; Der Herr Leutnant?
3878 785 6084 983 Vincenz: (betrachtet Josefa wie in einiger
3890 923 6127 1170 Verwunderung, dass sie über die Familienver-
3893 1110 6046 1297 hältnisse so genau orientiert ist): Hoch-
3441 1113 3694 1386 Zant.
3873 1245 6124 1458 würden haben einen Bruder, der Offizier ist?
3398 1328 3758 1486 4 weis
3870 1357 5937 1607 Kaplan: Ja. Er ist in Garnison in Inns-
3401 1432 3694 1633 e eut
3873 1573 6003 1722 bruck. Er hat in Wien was Wichtig### beim
3881 1751 6032 1906 Generalkommando zu tun.Da benützt er na¬
3896 1852 5951 2067 türlich die Gelegenheit - wir haben uns
3881 1995 6104 2248 nämlich schon anderthalb Jahre nicht gese-
3870 2128 6144 2395 hen. Und da wird es heute mit unserem bota
3884 2291 6193 2521 nischen Kursus wahrscheinlich nichts werden.
5414 2438 5672 2524 w a
3904 2496 6135 2648 Vincenz: Ja, ich habe eben erst gehört, Hoch-
3893 2622 5960 2864 würden, dass Sie die besondere Max Güte
3881 2746 5954 2978 haben,- ich habe gar nicht gewusst, dass
3884 2947 5603 3128 Hochwürden auch in diesem Fach -
3893 3056 6158 3295 Kaplan: Das ist ja mein eigentliches - (sich
3907 3214 6124 3453 besinnend) oder vielmehr meine Liebhaberei
3924 3404 6072 3579 von Jugend auf. Wir haben schon als Kinder
3913 3562 5799 3752 auf dem Land gewohnt.- Eltr seit gertört
