6632 4520
2887 323 3197 610 1+0
3628 424 5719 695 Edlard. - Stoppen ist he bereit.
382 427 2891 780 Fr Todln. Auf Wiesamte.  "    Hufwirr
600 731 1827 1008 (Stoff & Her.) -
3696 679 5961 1021 Repl. J. A. W. & A.D.
421 845 2825 1233 B 2t Auf be Gossen... Na
3768 943 6182 1233 N. in [illegible] wenn wir dem
431 1077 2995 1442 hint J.. Geb   3 Acht auf ist.
3801 1152 6238 1514 schand. xyz folgleit. Hofwurde
509 1331 2956 1670 Mr. A.M. h. - ernstest doif de G
3690 1442 5996 1739 [illegible] will justurdly haben
330 1667 1302 1866 nicht, wenn’ -
3696 1680 6147 2003 al 3 Ratzen gegen d Milfert.
2029 1739 3057 1971 Abend-
4952 1879 5729 2042 in dia. Bl
476 1837 1964 2137 Sr. Tr - fonf & jotr 7
2016 1941 3233 2147 e et a paru une
3716 1902 6231 2215 auf die Abm. a. — dort waren im jetzt
4411 2091 5005 2274 of exelucht.
388 2049 2786 2382 Mr C.D. A. Nachwurr.
3696 2124 6032 2493 heb ich nicht ja in die (allent) katt he
470 2277 2561 2643 sich kann nicht mehr, heraus,
3729 2418 4238 2600 son -
1188 2535 1938 2809 Called
3781 2581 6205 2940 Repl. N- Die kommen in Vakeg¬
597 2574 3054 3129 kopl. M pd T oul Jan to
3833 2845 6107 3132 abtober.  Mir ne in hoff
4545 3044 4708 3236 Sr
502 2982 3129 3416 Ao. J-wirkofe weg. So ist
3876 3063 5788 3400 kind [illegible] in the
2307 3236 3041 3563 œuf 3nd
3703 3318 5289 3612 Ed. Entheil.
555 3370 2541 3657 nach seit weggert.
4107 3507 5729 3820 Ex t ist die klti...
695 3546 3015 3869 Repl. So... die Wege.. Soll
4408 3709 6199 3974 Rats. So jetzt er all herzahnt
