6552 4232
3989 511 6216 742 Lilly: Du tust ja, als wenn sich die Theater
3978 667 5555 851 schon um mich reissen würden.
3966 798 6157 1044 Felix: Und wenn sich auch nur eins reisst,
3964 955 6157 1178 mir auch zu viel (Du darfst nicht fort,ver-
4723 1111 6146 1301 Modes! - If he bekanleme
3950 1133 4494 1315 stehst du
5460 1231 5884 1359 Ihm Hiel, —
4329 1234 5055 1343 Ich will je avait vint
3927 1239 6141 1474 (Lilly: (Wie das werden soll, darauf bin ich
3950 1435 5164 1625 ja wirklich neugierig.)
3941 1560 6163 1747 Felix: Du wirst in Wien ein Engagement be¬
3936 1753 6177 1959 kommen. Es müsst doch mitt dem Teufel zuge¬
3933 1879 6057 2049 hen, wenn so was nicht durchzusetzen wäre.
4204 2004 5507 2105 ich lass mein Verhandigen spiele
3489 1954 3751 2177 your
3933 2057 6074 2225 Und ist es nicht heuer, so wird's eben im
3436 2133 3749 2311 a rch
3933 2225 4963 2384 nächsten Jahr sein.
3930 2331 6149 2543 Lilly : Du hast leicht reden,Felix.Noch ein
3486 2473 3704 2694 self
3936 2512 6085 2694 Jahr der Mutter auf dem Hals sitzen (Unser
3425 2624 3874 2814 Hkonsicht
3894 2657 5965 2869 tissl Vermögen wird so wie so bald drau
3911 2833 6088 2981 gegangen sein.) Siebenhundert Gulden haben
3919 2945 6074 3115 die Mutter neulich bar hinge-
3905 3098 5596 3288 legt für ein paar Theaterfetzen.
3908 3238 6032 3433 Felix: Warum hat sie’s denn so eilig?  wo
3902 3400 6082 3598 du noch nicht einmal ein Engagement hast?
