6456 4088
748 418 2706 681 lich, was so ein Bub alles lernen muss.
666 649 2087 871 Eduard: wür heute Schluss.
675 894 1499 1154 4. Josefa, Lilix.
1879 950 2718 1157 Annetn eines Kaosse
696 1125 2890 1312 Zuknöpfeön des Kleides.Ob der Doktor noch
690 1248 2867 1464 nichts von ihrem Engagement weiss. Auf dem
678 1397 3022 1625 Perron ist er aufgeregt hin und her gelaufen.
678 1520 2657 1768 Er wird dir nachfahren, dich heiraten.
701 1692 2239 1911 Lili: Wovon leben?
696 1894 3022 2113 Josefa: Man kann mit wenig auskommen. Ich und
701 2046 1140 2198 Vincenz-
690 2133 2855 2364 Lili: Solche Verhältnisse nichts für ihn.
684 2312 2949 2487 Sein Vater ein Hofrat.Ich blieb ja auch als
678 2484 2902 2727 Wirtschafterin bei ihm. Ja,wir armen Leut,
701 2636 1645 2838 musszum Theater.
690 2750 2917 3004 Josefa: Du beklagst dich? Herrliches Leben
658 2940 1564 3150 steht dir bevor.
690 3069 2952 3311 Lili: Schönes Leben.Achtzig GuldenGage.ler-
684 3197 3007 3437 nen. Fremde Leute. Nur eine Idee von der Mut-
658 3384 1678 3601 ter. Mir graust’s.
652 3527 2788 3811 Josefa: Wie du den ersten Preis gekriegt
3522 193 5570 526 Jorf. Lit. Männer u J Prutker.
3785 412 5640 710 Telep. hiert, ut - tels se — alle
3802 622 5392 865 even fit – Eugen a Man
3641 769 5778 1026 Zonf. Unterz. zu meisten Stert her¬
3735 985 5035 1283 of J.J. J.M.
