6568 4232
4045 469 5280 682 doch irgend was denken.
4072 590 6169 833 Lilly. Sie werden sich halt denken, dass
4064 800 5298 1011 dass wir uns gern haben.
4088 827 6220 1170 Felix: Oder dass du verlobt bist mit mir.
4094 1121 4889 1321 Lilly. Möglich.
4102 1162 5600 1453 Felix: Wieder einmal verlobt.
4104 1423 4819 1625 Lilly: Felix!
4099 1488 6134 1771 Felix: Von jener vergangenen Verlobung
4121 1647 6242 1932 wissen sie doch wahrscheinlich auch. Und
4131 1781 6239 2078 was es mit der für eine Bewandnis gehabt
4140 2059 4439 2245 hat —
4145 2070 6277 2393 Lilly: Da war ich sechzehn Jahre alt und
4148 2234 6322 2509 von der Verlobung hat niemand was gewusst.
4145 2390 6182 2695 Felix: Umso schlimmer, dass man's nicht
4164 2533 6247 2819 für eine Brautschaft gehalten hat. Denn
4175 2700 6309 2981 dasser bei Euch im Haus aus und eingegan
4177 2835 6209 3124 gen ist, das hat man doch wohl bemerkt.
4185 3018 6247 3288 Lilly: Fängst du schon wieder an,Felix,
4185 3215 5549 3439 mit der alten Geschichte.
4207 3266 6239 3644 Felix (insistierend): Ju wirst mir doch
