3464 4120
498 539 797 705 I. Akt.
548 664 2928 839 1. Bildhauer und Frau beim Frühstück. Sprechen von
551 836 1559 981 der Arbeit in Kassel.
551 928 2827 1141 Als ich dir noch Modell stehen konnte... ja, die
833 1159 1746 1289 Zeiten sind vorbei.
815 1280 2795 1437 Von dem xxxxx Buben, ob er wol wieder nach
836 1455 1891 1594 Hamburg durchgegangen.
839 1565 2593 1778 Nein, jetzt ist er hier festgehalten.
845 1749 2884 1918 Der Junge ist sehr frühreif, min muss acht*
857 1926 1168 2084 geben.
848 2036 2427 2208 Ist die Schauspielerin schon auf?
851 2229 2564 2371 Sie geht wol mit dem Arzt spazieren.
865 2353 2866 2552 2. Der Pfarrer an der Gartentür. Die Messe
874 2564 1260 2676 ist aus.
862 2653 2987 2833 Wir werden Sie nicht mehr lang bei uns behal-
830 2842 1823 2984 ten, es tut mir leid.
827 2996 2827 3136 Der Bildhauer: Es muss Ihnen ja unangenehm
886 3133 2833 3340 sein, so einen Freigeist in Ihrer Nähe zu
868 3349 1183 3471 haben
880 3465 3011 3642 Der Pfarrer: Es wird schon seinen Sinn haben.
883 3610 3041 3826 Er hat schon zwei Mädchen die Beichte abgenom¬
833 3868 1025 3974 men
1381 3850 1725 3980 n. m. w. t.
