6648 4344
3552 377 4129 587 28 / 111913.
5862 448 6115 638 104
4301 529 5733 774 Lilly: Was für einen Brief?
4293 736 6300 921 Katti: Ein Brief halt, den er zuhaus ge-
4283 873 5455 1085 funden hat. (sie geht).
4281 1192 4979 1379 Eduard.Lilly.
4283 1326 6315 1528 Eduard: Willst du jetzt mit mir kommen?
4293 1526 5662 1690 Lilly: Mit Dir?Wohin denn?
4273 1667 5495 1847 Eduard: Spaziereugehen.
4273 1794 6277 2001 Lilly (auf den Himmel deutend): Ich bin
4281 1968 5331 2133 doch nicht verrückt.
4268 2102 6110 2274 Eduard: Wirst doch vor einem Wetter
4255 2295 6193 2434 keine Angst haben? Und wir haben noch
4263 2431 5569 2596 was miteinander zu reden.
4271 2596 6193 2770 Lilly: Ich wüsste nicht. Ich glaube, es
4245 2702 5513 2907 ist doch alles erledigt.
4253 2874 4860 3071 Eduard: So.
4235 3036 6252 3208 Lilly: No ja. Du bleibst zuhaus und zu
4245 3175 5596 3375 Weihnachten komm ich her -
4223 3307 6247 3537 Eduard: Und wir sind verlobt miteinan-
4235 3499 4534 3641 der.—
