6680 4344
4226 548 6290 751 eine Sünde ist oder nicht. An solche Sa-
4232 730 6246 924 chen glaub' ich nicht. Ich glaube über¬
4226 877 6364 1053 haupt an gar nichts, dass du's nur weisst.
3786 1029 6138 1243 in den klar Oh, es sind schon mehrere bei uns, die
4220 1191 6364 1466 an nichts glauben. Also ist es auch keine
4226 1337 5748 1525 Sünde, wenn ich mich umbring?
4243 1475 6252 1672 Lilly: Aber eine Gemeinheit wär es ge-
4226 1651 5138 1833 gen deine Eltern.
4211 1774 6375 1982 Eduard: Möglich. Aber es schafftödir doch
4214 1950 6293 2129 keiner, dass du's der Mutter sagst. Wenn
4232 2120 6144 2287 du nichts redest, schiess ich mich ja
5522 2246 5868 2361 nowled.
4220 2270 6144 2419 auch nicht tot. (Ich hab ja auch gar
4226 2399 6311 2578 keine Lust dazu. Ich will ja gern leben.
4214 2557 6103 2739 Ich will genau so lang leben als du
4232 2701 6299 2912 selber lebst. Und will dort leben,wo du
4220 2871 6293 3041 lebst. Aber Ohne dich, ohne dich ist mir
4220 3026 6056 3199 die ganze Welt nicht so viel wert.
4229 3199 6281 3399 Lilly: Ja was - so komm doch zur Besin-
4220 3331 4877 3537 nung, Eduard.
