6632 4312
5940 312 6123 524 98
4160 448 6207 750 Eduard: Bin völlig bei Besinnung. Wenn
4178 689 6202 881 ich dich nicht mehr sehn soll,so freut
4160 810 6181 1020 mich überhaupt nichts mehr. So ist es,
4178 996 6039 1201 und ich kann's nicht anders machen.
4160 1135 6139 1321 Du bist mir lieber wie die Mutter und
4178 1290 6131 1484 der Vater und wie alles auf der Welt.
4176 1465 6181 1636 Und darum fahr' ich mit dir nach Inns¬
4184 1607 6163 1761 bruck. Schlimmstenfalls kann ich auch
4178 1730 5714 1924 die ach te Klass' dort machen.
4157 1914 6236 2139 Lilly : Und leben wirst du von den drei
4178 2068 4983 2270 Gulden fünfzig.
4170 2239 6087 2412 Eduard: Ich kann ja Lektionen geben.
4170 2375 6278 2566 Es sind zwei in unserer Klass’, die haben
4184 2501 6241 2723 überhaupt nichts, als was sie durch/Lek-
4168 2647 6097 2839 tionen verdienen. Das kann ich auch.
5722 2813 6102 2988 als in
4144 2836 5536 3028 Ist schon alles überlegt
4178 2993 6241 3193 Lilly: Ein Kind bist du. Es ist ja lau-
4189 3156 4794 3305 ter Unsinn.
4176 3290 5030 3497 Eduard: Unsinn?
4197 3415 6249 3678 Lilly: Ich meine nicht, dass du zum Thea-
