6520 4264
5878 291 6042 507 71
3958 507 5052 743 Eduard: No was denn?
3979 655 6068 907 Lilly: Ja, wenn man das nachher nur noch
4566 806 5099 915 Gertr - h-
4649 868 5995 1021 Wir man nicht bei meinläßig.
3981 878 4358 1027 wüsst'.
3984 959 5980 1169 Josefa (zu Eduard): Räum doch deine Sa-
3981 1151 5988 1328 chen weg. Das Tintenzeug stellt er auf
3971 1281 4704 1492 einen Sessel.
3989 1448 6063 1653 Lilly (sieht ihm über die Schulter in das
3989 1606 6034 1798 Buch): Lateinisch? Es ist schrecklich,
3984 1744 5751 1926 was so ein Bub alles lernen muss.
4005 1892 6003 2123 Eduard: (hat leise gebebt) Na, für heut
4005 2089 4647 2245 ist Schluss.
4002 2160 5915 2425 Josefa! Aber lass nicht wieder alles
4002 2360 6063 2547 herausen liegen. Dass es anständig aus-
4018 2477 5878 2713 schaut, wenn Seine Hochwürden kommt.
4046 2646 6099 2887 (nimmt seine Hand, die mit Tinte befleckt
4025 2783 5897 3033 ist) Gegen ’s Händwaschen wäre auch
4025 2957 4995 3170 nichts einzuwenden.
4036 3074 6001 3345 Eduard: Also, ich will die Damen nicht
4036 3235 5920 3488 weiter stören. (nimmt Bücher,Hefte,
4044 3438 5166 3672 Tintenzeug und geht).
