6632 4456
6055 364 6254 621 116
4197 591 5850 788 den man nicht wiedersehen wird.
4224 747 6217 952 Lilly: Es ist vielleicht nur eine ern-
4227 929 5295 1091 stere Angelegenheit.
4227 1076 6075 1280 Josefa: Die jungen Leute duellieren
4265 1204 6063 1427 sich ja aus verschiedenen Gründen.
4219 1371 6249 1588 Lilly: Diesmal werden es eben schwerere
4232 1530 6254 1699 Bedingungen sein. Man kann sich ja den-
4237 1689 4542 1846 ken —
4237 1828 5353 2045 Kaplan: Sie glauben -
4255 1942 6244 2189 Lilly: Eine Frauenzimmeraffaire jeden-
4255 2151 6045 2300 falls. Sonst wär der Brief ja auch
4242 2272 6143 2439 nicht gar so diskret gehalten. Sonst
4255 2457 6151 2603 könnte er doch über den Anlass etwas
4265 2583 6194 2770 verraten. Haben Hochwürden denn keine
4245 2780 4696 2954 Ahnung —
4272 2861 6153 3088 Kaplan: Darum fragen Sie mich nicht,
4267 3063 6095 3214 bitte. Was ahnt man nicht alles, was
4257 3202 6166 3389 weiss man nicht alles, wenn man einen
4267 3351 6179 3507 Menschen gern hat und möchte es doch
4265 3474 6133 3762 nicht glauben. Ich habe ja auch vom
