6552 4152
365 2648 752 2813 febrt xxx
385 2847 590 3132 G.F.P
373 3243 636 3443 G.C.F.P.
3981 473 6239 724 Felix: Wie lange gedenkst du denn überhaupt
3981 707 5543 861 hier auf dem Land zu bleiben?
4346 801 4680 901 Mr du
3981 807 6270 1026 Libly: Ja, ich denke, wir bleiben alle noch
3984 986 4634 1183 drei Wochen.
3987 1151 6242 1334 Felix: Und- und du könntest dich nicht ent-
3976 1265 6224 1471 schliessen um acht Tage früher in die Stadt
3981 1419 5965 1642 zu kommen? Nein, nein, antworte mir gar
3987 1619 6227 1767 nicht, du sollst nicht, bleib nur heraussen,
3987 1758 6122 1955 so lange du kannst. Es ist ganz wahr was
3996 1892 6065 2078 der Meister Fradl sagt, dass du förmlich
3981 2041 6190 2240 aufblühst hier. Es wäre ein rechter Egois-
3984 2183 6196 2414 mus von mir. Bleib nur hier und blühe wei-
3990 2366 4221 2568 ter.
3976 2502 6070 2690 Lilly. Du bist nicht lieb zu mir,Felix.
3987 2685 5925 2856 Felix: (Nicht lieb du hast vielleicht
3981 2810 6170 2978 recht. Ich sollte dich überhaupt nicht mit
3987 2987 6068 3178 meiner Gegenwart inkommodieren. Es wäre
3973 3161 6096 3329 in jeder Hinsicht besser. (Auch für mich.
3976 3269 6070 3440 Es hat doch wahrhaftig keinen Sinn alle
3964 3423 6065 3682 acht oder vierzehn Tage einmal auf eine
