6568 4232
349 2028 672 2238 G.C.H.F.P
434 2337 752 2519 Monsieur
329 2485 823 2686 G.C.H.F.P.
431 2641 593 2850 G.F.P.
442 2933 604 3120 G.H.F.P.
6030 383 6200 530 39
4039 474 6285 712 Lillyx. Aber sie ghaubt doch, dass ich jedes
4062 664 6291 888 falls schon in dem Jahr (-)das ist doch ihm
4053 814 6112 996 ganze Hoffnung. Die alte Frau hat genug
4047 1015 6146 1160 Sorgen und Kummer gehabt in ihrem Leben.
5131 1100 5318 1208 me t
5607 1106 6021 1211 Könte
4036 1109 6038 1339 Mein Bruder verdient auch noch nichts.
4027 1316 6138 1464 Jetzt ist ihr ganzes Sinnen und Trachten
4036 1438 4822 1634 meine Carrière.
4473 1549 4668 1662 Ihren
4025 1597 6081 1758 Felix: Und deines auch. – Ja,red' nichts.
5780 1722 6044 1818 in de M
4016 1787 6175 1934 Du wärst imstand irendwo draussen Komödie
5326 1869 5596 1977 outtine
4030 1889 5874 2102 zu spielen und mich hier zu lassen.
5102 2022 5358 2133 kin in
4019 2039 6243 2249 Lilly: Es ist halt schad, dass du nicht mit
4008 2195 6240 2394 mir fort könntest.
5273 2314 6342 2456 in die - ja anben werde
4025 2388 6226 2536 Felix: Ja,wie denn? Wie soll ich das? Vor-
4008 2547 6291 2694 läufig bin ich in Wien im Spital angestellt,
4013 2663 6021 2828 Patienten hab ich überhaupt noch keine
4013 2802 6118 3012 und xxxx
4002 2967 5210 3143 was ich von Haus hab -
3993 3114 6081 3318 Lilly: Aber Felix, du brauchst dich doch
3993 3259 6220 3472 nicht zu entschuldigen Ich weiss-, ja, wenn
3988 3423 5587 3673 du könntest wie du wolltest.
