6584 4472
5940 306 6168 605 122
4086 591 6241 773 leicht bereuen, dass Sie ein Gelübde getan
4075 740 4430 911 haben.
4072 816 6011 1066 Lilly: Darüber können Sie ganz ruhig
4091 995 6220 1217 sein.Hochwürden,bereuen werde ich nichts
4110 1196 4682 1369 (sie geht).
4086 1304 6220 1513 Josefa: Er hat sein Leben nicht versäumt.
4080 1472 6136 1697 Niemand soll es versäumen. Niemand solle
4091 1651 5984 1803 vor Schuld und Lüge zurückschaudern.
4086 1773 6141 1930 Denen, die es tun, wird es nicht gelohnt.
4083 1949 5995 2104 Dann fühlt man in einer Sommernacht,
4099 2063 6149 2283 dass es zu spät geworden ist, dass alles
4099 2234 6089 2475 vorbei ist. Und indessen geht der eine,
4086 2364 6228 2587 dem man sein Leben geweiht und geopfert,
4075 2578 6252 2741 weiter seinen Weg und pflückt unbekümmert,
4086 2725 6084 2896 was über ihm in den Aestenhängt. Und
4099 2901 6228 3066 unsere Söhne laufen in die Nacht und ins
4086 2996 6228 3243 Leben hinein und wir werden alt und sind
4102 3153 5013 3335 nie jung gewesen.
4102 3319 5930 3516 Kaplan: Was ist Ihnen, Frau Josefa?
4075 3470 6249 3712 Josefa: Ich bereue, Hochwürden, ich bereue.
