6632 4344
4269 541 5961 757 Eduard: Guter Freund, also doch.
4287 724 6206 901 Lilly: Ein guter Bekannter. Wir haben
4259 891 6252 1025 ihn einmal holen lassen,wie die Mutter
5325 994 6347 1097 riome von ihremit am fingh ose.
4264 1066 6332 1223 Halsweh gehabt hat.Aber wenn er,wenn er
4267 1161 6334 1349 mein Bräutigam wär, wie du dir einbildest,
4264 1347 6180 1527 glaubst du vielleicht, ich ging jetzt
4269 1535 6301 1643 nach Innsbruck mit achtzig Gulden Gage?
4251 1633 5686 1800 Das musst du doch einsehen.
4259 1821 6152 1967 Eduard: Aber sch reiben wirst du ihm.
4282 1939 6211 2112 Lilly: Ja,warum soll man seinen guten
4246 2086 6149 2258 Bekannten nicht schreiben? Ich werde
4455 2220 4779 2310 An die lutt
4259 2251 6262 2413 auch Euch schreiben. Vielleicht war die
4702 2366 5323 2459 the Haliumuslank
4241 2392 6100 2580 Ederd: Mir brauchst du ja nicht zu
4246 2534 6026 2758 schreiben. Ich werd' ja dort sein.
4251 2693 6301 2894 Lilly: Das wirst du nicht. Darüber denk
4259 2853 6293 3057 ich, sind wir einig. Dafür versprech' ich
4246 3002 6116 3214 dir auch, dass ich mit deinen Eltern
4246 3167 6311 3345 reden werde, wegen deiner Schauspielere i.
4246 3327 6172 3528 Und es wär viel leicht auch ganz gut,
4277 3499 6110 3726 (sehr rasch) wenn du dich schon ein
