3464 4104
2767 325 2854 431 7
759 537 989 659 men.
775 642 2664 780 Auch die Bildhauerin beicht et immer. Der
824 813 1957 981 Bilchauer lacht darüber.
778 981 2889 1119 3. Der Bub kommt, küsst Hochwürden die Hand.
829 1089 2864 1257 Er hat schon einen Berg bestiegen. Der Arzt
837 1268 2219 1423 geht mit Frl.Lilly spazieren.
829 1388 2932 1583 Ruf' sie doch herein, wir sollen ja bald hin¬
848 1623 1336 1740 einfahren.
837 1743 2970 1886 Nicht dem Doktor sagen, dass Lilly ins Engage-
840 1924 1333 2060 ment geht.
851 2030 2938 2187 4. Der Arzt und Lilly kommen. Sie reden sich
848 2203 1482 2371 mit "Sis" an.
848 2331 2856 2490 Der Arzt schläft immer in dem Wirtshaus da
393 2455 610 2629 with
813 2512 2989 2637 drüben, Lilly hat ihn aufgeweckt, indem sie an
859 2691 2648 2818 sein Fenster klopfte. Sie frühstücken.
859 2816 2892 2951 Arzt: Heute sind wir das vorletzte Mal da.
824 2981 3000 3125 Bildhauer: Morgen Vormittag um zehn kommen wir;
379 2984 637 3125 moyer
417 3108 642 3249 <gap/>
867 3152 1873 3285 da holen wir euch ab.
919 3279 2911 3434 :Der Bruder des Pfarrers ist Schauspieler:
864 3461 2466 3591 Der Arzt muss zu seinen patienten.
867 3602 2767 3786 Lilly bittet ihn, heute hier zu bleiben.
