3480 4104
2664 256 2749 468 5
480 418 2898 658 ten, ohne dass eine Aussprache erfolgte, als müsste
456 593 2964 814 sich eine Naturnotwendigkeit erfüllen. Es erfolgt ein
452 786 2842 945 kurzer Rückschlag der Reue, eine allseitige Empfin-
509 911 2774 1114 dung, als wäre was Ungeheures geschehen, das das
496 1098 2356 1295 Leben voig Grund auf umgestalten müsste.
502 1251 2792 1423 Aber wie nun Bildhauer und Arzt zurückkehren und
474 1435 2739 1560 beide ahnungslos wieder die Stimmung des Vortags
530 1566 2877 1732 verbreiten, verliert sich allmälig die Wichtigkeit
527 1741 1292 1900 des Geschehenen.
530 1835 2805 2028 Der Arzt begleitet die Geliebte an den Ort ihres
530 2069 1217 2221 neuen Wirkens.
537 2172 2811 2352 Der Bildhauer und seine Frau fahren nach Kassel,
546 2362 2796 2515 wo der Giebel des Theaters enthüllt werden soll.
543 2493 3005 2649 Der Pfarrer und der Junge bleiben zurück, beide sehr
565 2655 2970 2817 voll von dem Abenteuer, das sie erlebt, beide nicht
558 2796 2802 2970 ganz begreifend, dass es so nichts gewesen sein
518 2973 2989 3126 sollte, bis den Pfarrer die Messe und den Jungen die
555 3073 2877 3288 Jagd zum Wesentlichen ihrer Existenz zurückführt.
