6616 4504
6083 396 6281 639 118
4208 591 6283 767 Lilly: Er ist sicher in der Schutzhütte
4208 767 6254 957 auf dem Katzenstein. Ich glaub sogar,er
4203 904 5845 1096 hat sowas gesagt beim Weggehen.
4214 1056 6110 1246 Josefa: Aber wie kommt er zurück bei
4203 1233 4807 1396 dem Wetter?
4219 1377 6224 1564 Lilly: Wehn du besorgt bist,Josefa, ich
4203 1519 5751 1711 bring ihm seinen Mantel nach.
4208 1676 6139 1848 Josefa : Du bist wohl nicht recht ge-
4203 1805 5938 1979 scheidt. Jetzt in der Finsternis.
4214 1965 6206 2139 Kaplan: Ich bin genn bereit. Ja,lassen
4190 2128 6144 2334 Sie doch mich. Nach Hause kann ich ja
4206 2302 4789 2471 doch nicht.
4195 2444 4968 2628 Josefa: Kathi!
4195 2618 5797 2783 Katti (heraus): Bitte gnä Frau?
4200 2757 6259 2904 Josefa: bringen Sie den Mantel vom jun-
4187 2890 4749 3080 gen Herrn.
4184 3043 4735 3233 Kathi (ab).
4179 3195 6262 3390 Lilly: Es wird gut ausgehen.Sowas spürt
4190 3337 6289 3551 man. Ich wüsst's vielleicht nicht so si-
4184 3503 6334 3692 cher, wenn ich ihn heute nicht gesehen hät-
