3464 4104
2641 362 2783 483 11
735 561 1111 751 II. Akt.
789 687 2703 902 Es ist gegen Abend des selben Tages. Der
800 837 2783 1049 Nachmittag ist fürchterlich heiss gewesen.
805 972 2920 1186 Die Bildhauerin schläft. Es hat ihr Sonderba-
821 1194 1452 1347 res geträumt.
816 1310 2877 1508 Der Bub u. die Schausp. waren im Wald, kommen
2488 1387 3156 1583 land gleich pesser
819 1479 2434 1693 hereingehetzt. Der Bub fängt sie.
786 1613 2676 1822 Die Bildh.wacht auf, geht in den Garten.
835 1798 2992 1981 Der Bub macht Lilly eine Liebeserklärung. Ich
848 1954 2740 2142 werde den Arzt totschiessen, das ist Ihr
346 2040 714 2187 Ich wird
859 2096 2802 2316 Bräutigam! Ich weiss das sehr gut, was es
298 2134 802 2295 noch zueläut
864 2252 2917 2437 heisst, wenn eine Schauspielerin einen Bräu-
282 2279 663 2458 hat die
274 2356 827 2563 dud beruhen.
875 2466 1366 2601 tigam hat!
293 2528 768 2732 tres hant de
867 2576 2917 2737 Sie deklamiert ihre Rollen. Der Bub ist ent-
354 2646 700 2807 centen
878 2729 2907 2874 zückt. Ich werde heute Nacht durchs Fenster
880 2869 2925 3033 steigen. Ich muss Sie so sehen wie die Lisi
840 3094 1243 3231 an Bach.
883 3183 2085 3349 Aber Sie sind ja verückt!
888 3322 3049 3526 3. Der Pfarrer kommt, der die Arbeiten des Bu¬
902 3492 2909 3685 ben durchzusehen pflegt. Er korrigiert die
459 3577 870 3811 Nichreuil
496 3741 1197 3894 dem Belavischen
1420 3822 1715 3948 G.O.W.T.
