6536 4184
777 1083 1114 1370 G.H.F.P
457 1322 927 1461 G.C.H.F.P.
342 1436 713 1681 G.C.H.F.P
5949 315 6105 523 56
4075 437 6152 676 Komödie beizuwohnen ich das Glück hatte:
4064 610 6308 827 Lilly (ihn messend): Und darf ich vieldedaht
4073 766 4538 938 fragen -
4059 880 6060 1130 Offizier: Selbstverständlich. Bitte sehr
4064 1055 6149 1239 um Entschuldigung, dass ich nicht sofort-
4056 1222 6007 1448 Erlaube mich gehorsamst vorzustellen,
4048 1364 6099 1606 Leutnant im k.k.Infanterieregiment Her-
4036 1523 5000 1726 zog von Braganza -
4036 1679 5526 1873 Lilly: Herzog von Braganza -
4039 1851 6035 2043 Offizier: Nein, das Regiment heisst so.
4025 1979 5406 2166 Mein Name ist Robert Holl.
4023 2079 6077 2352 Lilly: Holl? Da sind Sie ja wahrschein-
4017 2285 5765 2469 lich der Bruder vom Herrn Kaplan?
4025 2461 5988 2636 Offizier:Jawohl, mein Fräulein, der bin
4011 2617 6071 2764 ich. Und ich habe wohl die Ehre mit der
4017 2748 6071 2976 Tochter des Hauses—(das Gespräch spielt
4000 2898 6180 3151 sich weiter am Zaun ab, sie drinn,er draus
3989 3059 4256 3238 sen)
4003 3176 6119 3416 Lilly: Nein, ich bin nicht die Tochterdes
3992 3352 5999 3580 Hauses. Hier wohnt der Bildhauer Fradl.
