6600 4504
5926 394 6135 566 120
4059 555 6127 773 Kaplan: Warum hab ich nicht mit ihm zu¬
4067 700 6130 936 sammen bleiben können. Man nimmt das so
4059 861 5969 1060 hin, als könnte es nicht anders sein.
4067 1033 6183 1221 Man sagt einem Menschen an einem schönen
4067 1188 6175 1376 Frühlingstag Adieu und macht sich darauf
4083 1320 6084 1513 gefasst in einem langen Leben ihn alle
4077 1481 6213 1695 zwei bis drei Jahre für einige Stunden zu
4083 1618 6189 1803 sehen. Und dann kommt so eine Stunde und
4077 1778 6017 1996 man fühlt wie ungeheuerlich das ist.
4102 1918 6148 2122 Vielleicht habe ich bis heute gar nicht
4085 2066 6041 2283 gewusst, dass ich so zu ihm gehöre. Es
4091 2232 6205 2436 ist ja schon acht Jahre oder länger, dass
4102 2393 6119 2602 unsere Wege sich getrennt haben. Aber
4102 2532 6256 2723 die gemeinsam verbrachte Knabenzeit - Nun
4104 2688 6226 2919 erinnere ich mich - und dass ich nich so
4104 2830 6164 3045 erinnere ist mir fast ein düsteres Vor-
4091 3012 5759 3227 zeichan. So jung soll er dahin.
4118 3189 6148 3353 Josefa: (wie von Weitem kommend) Jung
4088 3318 6226 3517 sterben ist nicht so schlimm, wenigstens,
4118 3490 5515 3678 wenn man etwas erlebt hat.
