6536 4168
987 731 1155 879 G.C.F.P.
802 879 1898 1064 xxx mais ils xxxe
1118 1004 1906 1249 14 xxx xxx
356 1192 2344 1405 xxx. xxx
324 1320 1872 1539 meh ius ab xxx.dessV. mxx
307 1468 1542 1690 jedoch vielbährnden moele
199 1627 1664 1872 sind neule hueghftb oa dor¬
2219 1767 2378 1983 G.H.F.P.
199 1883 1226 2182 er blad aodas samme
293 2145 1257 2481 Monsieur M. Décembre
384 2364 552 2472 G.C.H.F.P
253 2415 1431 2649 amie dass für melden
176 2711 1528 2956 geb. dous ia Jdejany Mina!
276 2930 1240 3223 ebot at tadex xxx
4023 472 6270 711 Vincenz: Wenn er dir lieber im Lateinischen
3992 586 6000 893 nachhelfen möchte (wo du's so notwendig
4879 839 5414 984 that one.
3997 842 4307 1021 hast.
3946 896 6154 1144 Eduard: Hat er auch schon manchmal getan.
3949 1090 6205 1314 Nicht wahr, Mutter? Vorgestern beim Spazie-
4965 1186 5497 1292 alferloi
4003 1223 6191 1459 rengehen hat er mich xxx geprüft, und
4003 1386 6236 1556 er garantiert dafür, dass ich bei der Nach-
4011 1502 5778 1775 prüfung durchkomm.)
4037 1647 6236 1844 Vincenz: Es wär auch wirklich eine Schand.
4060 1869 6202 2083 Katti kommt aus dem Hause, frisches Bau¬
4017 1992 6043 2236 ernmädel von siebzehn, bringt auf einer
4048 2168 6057 2376 Tasse Kaffee und Butter; mit leuchtenden
4011 2302 6250 2552 Augen auf Eduard): Da ist das Frühstück für
4037 2524 4936 2660 den jungen Herrn.
4026 2558 6305 2762 Eduard: Ich hab ja noch keines angeschafft-
4034 2711 6273 2950 Und Kaffee trink ich überhaupt keinen.-Und
4026 2831 6105 3070 ausserdem geh ich geschwind noch baden.
4048 2976 6339 3255 Vincenz: Was, eine Badeanstalt habt Ihr auch,
4066 3178 5650 3417 von der ich noch nichts weiss?
4048 3317 6319 3588 Eduard: Freilich,Vater. Und wenn du mir den
4083 3511 6199 3707 wir haben ein Palsert in Wald entdecht.
4142 3610 6029 3821 eux verstecht —. wo weniger eine
4233 3679 6296 3878 si kann zum Flüß. Wünschen der Vorste¬
