6536 4216
5817 399 5992 595 67
4107 611 5959 757 Guss da. Und übrigens wird der Herr
4112 716 6183 863 Kaplan heut keine Zeit haben. Er hat ja
4099 889 4503 1082 Besuch.
4099 1043 6137 1216 Eduard: Ist schon wieder fort, der Renig
4099 1164 4709 1381 Josefa: So.
4099 1350 6106 1553 Eduard: Ja,sie sind grad miteinand zur
4099 1510 4856 1664 Bahn gefahren.
4107 1657 6103 1816 Josefa: Ich werde übrigens keinesfalls
4089 1816 5995 1976 an der Exkursion teilnehmen. Ich hol
4107 1968 6036 2110 vielleicht den Vater von der Bahn ab,
4089 2082 6108 2270 Katti (bringt die Kannen mit Kaffee und
4094 2267 6139 2447 Milch,macht etwas Lärm beim Niederstel-
4107 2435 4382 2592 len).
4099 2520 6144 2762 Josefa: Können S' denn nicht achtgeben?
4122 2726 5029 2903 (Blick auf Lilly).
4094 2888 5011 3045 Katti (wieder ab).
4089 3040 5686 3218 Josefa (beginnt einzuschenken).
4094 3195 5964 3377 Eduard / hat die Bücher und Hefte vom
4089 3347 6036 3540 Tisch auf einen Sessel gegeben,ebenso
4089 3519 6044 3633 das Tintenzeug,behält ein Buch in der
