6536 4184
4109 408 6130 744 Kaplan erzählt. Er freut sich sehr auf
4112 629 4811 809 Ihren Besuch.
4096 785 6063 1008 Offizier: Ja, wir haben uns lang nicht
4082 997 6224 1123 gesehen. Aber wie soll ich das verstehen,
4072 1086 6052 1365 mein Fräulein, dass gerade mir, wie Sie
4085 1239 5066 1486 sagen. - Neu jetein
4082 1400 6205 1650 Lilly: Also, ich bitte Sie auch,Herr Leut-
4085 1615 6246 1750 nant, sich vorläufig nicht zu verplauschen,
4072 1779 6181 1943 auch Ihrem Herrn Bruder gegenüber nicht.
4074 1884 6203 2118 Ich bin nämlich nach Innsbruck engagiert.
4085 2008 6090 2252 Offizier: Nach Innsbruck? Im Geheimen?
4061 2225 6079 2405 Ah Fräulein gehen wahrscheinlich gegen
4058 2386 6168 2572 den Willen der Herrn Eltern zum Theater?
4061 2481 6063 2733 Lilly: Nein, nein,es ist nicht das,Herr
4061 2666 5749 2865 Leutnant,es sind halt Umstände -
4074 2774 6197 2999 Offizier: Fräulein werden also vielleicht
4066 2999 5904 3166 unter einem andern Namen auftreten?
4061 3072 5294 3324 Lilly: Das wär möglich.
4058 3287 6170 3475 Offizier: Keineswegs werde ich ermangeln
4042 3453 6168 3652 dem Debut von Fräulein beizuwohnen. (sich
