6536 4168
4024 442 5870 664 Ich bin nur ein Logierbesubh. Lilly
4030 631 5247 827 Pflegner ist mein Name.
4030 786 5309 981 Offizier:Schauspielerin?
4019 951 6179 1119 Lilly: Herr Leutnant sind sehr scharfsin
3997 1092 4274 1266 nig.
4000 1217 6065 1444 Offizier: Fräulein sind an einer Wiener
3989 1398 5916 1612 Bühne tätig? oder draussen im Reich?
4431 1531 4940 1615 vie leur hore.
4005 1550 5905 1740 Lilly: Nein, vorläufig nach nicht. Das
3989 1702 6070 1886 kommt erst.Ich bin noch gar nicht tätig.
3970 1854 6092 2073 Erst im Herbst trete ich in mein Engage-
3967 1992 6092 2257 ment an einer österreichischen - (sie un-
3976 2192 6038 2336 terbricht sich) Aber ich bin Ihnen doch
3951 2339 6030 2507 eigentlich keine Rechenschaft schuldig.
3976 2472 6070 2669 Offizier: Gewiss nicht, aber es wird wohl
3940 2621 5182 2802 kein Geheimnis bleiben.
3943 2761 6103 2984 Lilly: Nein,Ihnen gewiss nicht,Herr Leut-
3946 2932 6030 3138 nant, da Sie ja in Innsbruck in Garnison
3930 3098 4290 3236 stehn.
3940 3236 5379 3447 Offizier: Fräulein wissen -
3919 3393 6098 3631 Lilly:  Es ist noch
3919 3547 6041 3743 keine halbe Stunde, da hat’s mir der Herr
