6552 4216
636 897 856 1088 G.C.F.P.
372 1039 1047 1199 door jaleja a
231 1174 878 1387 ds). xxx
245 1340 568 1571 G.C.H.F.P.
788 1577 1036 1857 (sal
288 1612 682 1876 sal aa!
3969 397 5943 658 sie an. W채hrenddem kommt Kathi aus dem
3969 614 6071 848 Haus mit einer sehr grossen Tasse, begibt
3950 753 6095 1039 sich zu dem Tisch, wo noch das Glas steht,
3988 930 6117 1210 aus dem Lilly und Eduard getrunken haben,
3991 1082 5938 1272 stellt das Glas auf die Tasse,strahlt
3991 1213 6006 1498 Eduard wieder an, der unger체hrt bleibt,
4013 1397 6036 1601 dann geht sie mit der Tasse wieder ins
4021 1536 6008 1805 Haus. In der T체re trifft sie mit Lilly
4026 1705 5560 1884 zusammen, der sie nachschaut).
4016 1813 6210 2132 Lilly: (hat ein zerlesenes, Universalb체chl
4046 2069 4750 2202 in der Hand).
4056 2153 4916 2349 Lilly.- Eduard.
4067 2289 6125 2526 Lilly: Ich werd's der Mutter sagen, dass
4062 2455 5331 2667 du schon wieder rauchst.
4062 2615 5130 2795 Eduard: Ich darf ja.
4086 2735 6131 2961 Lilly: Aber nicht so viel und nicht vor
4070 2901 6085 3097 dem Essen. Her damit! Als Romeo kannst
4092 3042 6275 3257 du doch nicht mit der Zigaretten dasitzen.
4084 3181 6245 3415 Eduard: Ich weiss schon, dein Romeo taucht
4108 3388 5027 3621 Virginiazigarren.
