6616 4456
5920 484 6152 682 115
4233 612 6091 778 de erwarten wird. Mehr kann ich dir
4233 802 6216 965 für jetzt nicht sagen. Ich hoffe ja, es
4219 938 6321 1123 geht alles gut aus. Falls es das Schick-
4214 1099 6246 1270 sal aber anders beschlossen haben soll.
4225 1243 6235 1479 te, so möchte ich dir doch schon in die
4225 1409 6230 1618 sem Briefe sagen,wie lieb ich dich im¬
4219 1561 5997 1770 mer gehabt habe, wie viel ich dir -
4217 1743 6230 1898 Da kommen nun ein paar Zeilen, die wei¬
4233 1864 5746 2021 ter nichts zu bedeuten haben.
4214 2005 5741 2195 Lilly: Also, er hat ein Duell.
3489 2080 3901 2315 stont
4214 2163 6235 2406 Kaplan: Das war auch mein erster Gedan-
3468 2286 4120 2564 unfemerkt
4214 2307 6152 2495 ke. Aber es ist ja nicht sein erstes.
4225 2468 6168 2655 Ich weiss, dass er vier oder fünf hin-
4208 2652 6358 2821 ter sich hat. Und niemals hat er vorher--
4206 2775 6118 3013 Nein, nein, dieser klingt doch wie ein
4195 2973 6083 3139 Abschiedsbrief. Das sind doch Worte
4219 3072 6227 3315 von einem, der mit dem Leben abgeschlos-
4208 3233 6238 3420 sen hat. Von einem, der mit Bestimmtheit
4190 3385 6099 3644 weiss, was ihm bevorsteht. Von einem,
