6552 4232
1132 803 1445 970 G.H.F.P.
924 922 1170 1140 G.H.F.P.
779 1116 1167 1286 e ete
633 2935 876 3099 G.H.F.P.
4086 482 6064 790 Die auf den Gang und die da direkt in
4091 674 5339 895 den Garten herausführt?
4088 870 4994 1035 Lilly: Natürlich.
4091 978 6096 1218 Felix: Du hast doch früher gesagt, dass
4102 1135 6153 1388 die Kathi heut Früh plötzlich an deinem
4086 1288 6131 1512 Divan gestanden ist,wie sie dich aufge-
4091 1488 6185 1671 weckt hat. Dazu muss sie doch durch eine
4088 1614 5347 1787 Tür hereingekommen sein.
4091 1771 4627 1957 Lilly: Ja.
4091 1957 6118 2169 Felix: Da war also mindestens eine Türe
4088 2075 4929 2256 nicht versperrt.
4086 2196 6026 2477 Lilly: Hast du vielleicht Angst.dass
4034 2374 5153 2558 mich einer wegtragt?
4061 2517 6077 2749 Felix: Davon ist jetzt nicht die Rede.
4056 2671 6023 2908 Du hast behauptet, dass du jeden Abend
4064 2841 6180 3037 beide Türen absperrst und es stellt sich
4056 2975 6217 3234 heraus, dass diese Behauptung nicht stimmt.
4056 3124 6075 3358 Lilly: Das ist richtig,die Tür auf den
4061 3293 6015 3471 Gang war heut Früh offen. Aber ich hab
