<?xml version="1.0" encoding="UTF-8" standalone="yes"?>
<PcGts xmlns="http://schema.primaresearch.org/PAGE/gts/pagecontent/2013-07-15" xmlns:xsi="http://www.w3.org/2001/XMLSchema-instance" xsi:schemaLocation="http://schema.primaresearch.org/PAGE/gts/pagecontent/2013-07-15 http://schema.primaresearch.org/PAGE/gts/pagecontent/2013-07-15/pagecontent.xsd">
    <Metadata>
        <Creator>prov=READ-COOP:name=TrHtr:version=2.1.0:model_id=51170:date=30_07_2023_09:35</Creator>
        <Created>2023-05-10T13:48:23.604+02:00</Created>
        <LastChange>2023-07-30T09:35:55.073+02:00</LastChange>
        <TranskribusMetadata docId="1428596" pageId="55415032" pageNr="84" tsid="131490896" status="IN_PROGRESS" userId="64420" imgUrl="https://files.transkribus.eu/Get?id=VGGHWVXBTJJNAJJDHBFHTIBH&amp;fileType=view" xmlUrl="https://files.transkribus.eu/Get?id=SJUCYVCVUNHTFGHENRULQEWO" imageId="44689166"/>
    </Metadata>
    <Page imageFilename="1428596_0084.jpg" imageWidth="6552" imageHeight="4184">
        <ReadingOrder>
            <OrderedGroup id="ro_1711790029821" caption="Regions reading order">
                <RegionRefIndexed index="0" regionRef="tr_2"/>
                <RegionRefIndexed index="1" regionRef="tr_1"/>
            </OrderedGroup>
        </ReadingOrder>
        <TextRegion id="tr_2" custom="readingOrder {index:0;}">
            <Coords points="674,916 2405,916 2405,1884 674,1884"/>
            <TextLine id="tr_2_tl_1" custom="readingOrder {index:0;}">
                <Coords points="912,1058 949,1060 978,1042 991,1050 1018,1028 1036,1039 1060,1039 1060,912 1023,912 1005,919 967,890 946,888 938,896 912,890"/>
                <Baseline points="925,966 1014,966 1068,966"/>
                <TextEquiv>
                    <Unicode>G.C.F.P</Unicode>
                </TextEquiv>
            </TextLine>
            <TextLine id="tr_2_tl_2" custom="readingOrder {index:1;}">
                <Coords points="664,1129 808,1145 840,1129 917,1140 935,1124 983,1151 1044,1121 1100,1129 1103,1071 1052,1071 1007,1039 951,1058 925,1044 898,1052 824,1020 725,1076 667,1071"/>
                <Baseline points="680,1122 752,1122 841,1122 931,1116 1020,1116 1110,1116"/>
                <TextEquiv>
                    <Unicode>resolue</Unicode>
                </TextEquiv>
            </TextLine>
            <TextLine id="tr_2_tl_3" custom="readingOrder {index:2;}">
                <Coords points="656,1236 675,1236 710,1209 728,1222 768,1199 784,1209 840,1199 853,1214 901,1225 938,1199 951,1209 983,1196 983,1132 925,1148 834,1129 805,1148 773,1132 741,1143 659,1127"/>
                <Baseline points="674,1169 722,1175 811,1169 901,1169 990,1163"/>
                <TextEquiv>
                    <Unicode>G.C.H.F.P.P</Unicode>
                </TextEquiv>
            </TextLine>
            <TextLine id="tr_2_tl_4" custom="readingOrder {index:3;}">
                <Coords points="805,1796 877,1826 927,1826 983,1786 1055,1796 1121,1775 1175,1786 1180,1664 1103,1669 1084,1656 981,1693 954,1677 927,1688 877,1637 811,1648"/>
                <Baseline points="823,1736 913,1736 1002,1730 1092,1730 1181,1724"/>
                <TextEquiv>
                    <Unicode>im e ia</Unicode>
                </TextEquiv>
            </TextLine>
            <TextLine id="tr_2_tl_5" custom="readingOrder {index:4;}">
                <Coords points="2182,1887 2277,1887 2299,1903 2341,1889 2360,1900 2397,1903 2397,1796 2363,1804 2333,1794 2320,1807 2307,1799 2291,1810 2251,1802 2224,1818 2182,1820"/>
                <Baseline points="2196,1868 2285,1874 2375,1868 2405,1868"/>
                <TextEquiv>
                    <Unicode>G.C.H.F.P.P</Unicode>
                </TextEquiv>
            </TextLine>
        </TextRegion>
        <TextRegion id="tr_1" custom="readingOrder {index:1;}">
            <Coords points="4034,499 6189,499 6189,3489 4034,3489"/>
            <TextLine id="tr_1_tl_1" custom="readingOrder {index:0;}">
                <Coords points="4050,630 6181,654 6181,468 4050,476"/>
                <Baseline points="4064,561 4130,567 4219,561 4309,572 4398,567 4488,561 4577,555 4667,561 4756,561 4846,561 4936,561 5025,561 5115,561 5204,555 5294,555 5383,561 5473,561 5562,561 5652,561 5741,561 5831,561 5920,555 6010,555 6099,555 6189,549"/>
                <TextEquiv>
                    <Unicode>Lilly: Red' keinen Unsinn! Da hast du das</Unicode>
                </TextEquiv>
            </TextLine>
            <TextLine id="tr_1_tl_2" custom="readingOrder {index:1;}">
                <Coords points="4031,768 5743,781 5743,672 5660,635 4305,662 4031,611"/>
                <Baseline points="4046,710 4136,710 4225,716 4315,722 4404,716 4494,716 4583,710 4673,710 4762,710 4852,716 4942,716 5031,716 5121,716 5210,710 5300,710 5389,710 5479,710 5568,710 5658,710 5747,704"/>
                <TextEquiv>
                    <Unicode>Büchel.Dritter Akt, fünfte Szene.</Unicode>
                </TextEquiv>
            </TextLine>
            <TextLine id="tr_1_tl_3" custom="readingOrder {index:2;}">
                <Coords points="4042,919 5998,922 6022,707 5456,824 5017,819 4866,744 4223,819 4042,776"/>
                <Baseline points="4058,859 4148,865 4237,871 4327,865 4416,871 4506,871 4595,871 4685,865 4774,865 4864,865 4953,865 5043,865 5133,865 5222,865 5312,865 5401,865 5491,865 5580,865 5670,865 5759,859 5849,859 5938,859 6028,853"/>
                <TextEquiv>
                    <Unicode>Eduard (blätternd): Dritter Akt, fünfte</Unicode>
                </TextEquiv>
            </TextLine>
            <TextLine id="tr_1_tl_4" custom="readingOrder {index:3;}">
                <Coords points="4050,1068 4382,1111 5403,1028 5663,1135 6067,1100 6067,927 5971,912 4050,922"/>
                <Baseline points="4064,1020 4100,1026 4189,1020 4279,1020 4369,1014 4458,1014 4548,1020 4637,1020 4727,1020 4816,1020 4906,1020 4995,1020 5085,1020 5174,1014 5264,1014 5353,1014 5443,1014 5532,1014 5622,1020 5711,1020 5801,1020 5891,1014 5980,1014 6070,1014"/>
                <TextEquiv>
                    <Unicode>Szene. Wird das deine erste Rolle sein</Unicode>
                </TextEquiv>
            </TextLine>
            <TextLine id="tr_1_tl_5" custom="readingOrder {index:4;}">
                <Coords points="4042,1262 4151,1249 4170,1268 4287,1217 4481,1236 4571,1193 4640,1236 4762,1225 4762,1095 4688,1119 4520,1092 4302,1124 4231,1079 4042,1076"/>
                <Baseline points="4058,1169 4148,1175 4237,1175 4327,1175 4416,1175 4506,1169 4595,1175 4685,1175 4768,1169"/>
                <TextEquiv>
                    <Unicode>in Innsbruck?</Unicode>
                </TextEquiv>
            </TextLine>
            <TextLine id="tr_1_tl_6" custom="readingOrder {index:5;}">
                <Coords points="4042,1411 5918,1403 5918,1262 5743,1230 4042,1262"/>
                <Baseline points="4058,1325 4136,1331 4225,1331 4315,1331 4404,1325 4494,1331 4583,1325 4673,1325 4762,1325 4852,1325 4942,1325 5031,1325 5121,1325 5210,1325 5300,1331 5389,1325 5479,1325 5568,1319 5658,1319 5747,1319 5837,1313 5926,1295"/>
                <TextEquiv>
                    <Unicode>Lilly: Wer redt denn von Innsbruck?</Unicode>
                </TextEquiv>
            </TextLine>
            <TextLine id="tr_1_tl_7" custom="readingOrder {index:6;}">
                <Coords points="4039,1581 4446,1525 6123,1568 6126,1440 4914,1371 4042,1411"/>
                <Baseline points="4058,1474 4148,1486 4237,1480 4327,1486 4416,1486 4506,1486 4595,1486 4685,1480 4774,1486 4864,1480 4953,1480 5043,1480 5133,1480 5222,1480 5312,1480 5401,1480 5491,1480 5580,1480 5670,1480 5759,1480 5849,1474 5938,1474 6028,1474 6117,1474 6129,1474"/>
                <TextEquiv>
                    <Unicode>Eduard: Ich hab doch gehört wie du neu-</Unicode>
                </TextEquiv>
            </TextLine>
            <TextLine id="tr_1_tl_8" custom="readingOrder {index:7;}">
                <Coords points="4042,1714 5985,1711 5985,1555 4042,1581"/>
                <Baseline points="4058,1635 4112,1635 4201,1635 4291,1635 4380,1635 4470,1635 4560,1635 4649,1635 4739,1635 4828,1635 4918,1635 5007,1635 5097,1635 5186,1635 5276,1635 5365,1635 5455,1635 5544,1635 5634,1635 5723,1635 5813,1629 5902,1623 5992,1623"/>
                <TextEquiv>
                    <Unicode>lich mit der Mutter davon gesprochen</Unicode>
                </TextEquiv>
            </TextLine>
            <TextLine id="tr_1_tl_9" custom="readingOrder {index:8;}">
                <Coords points="4034,1828 4135,1847 4186,1826 4239,1842 4281,1823 4324,1839 4321,1714 4225,1727 4183,1711 4162,1725 4143,1722 4119,1743 4047,1690 4029,1690"/>
                <Baseline points="4046,1790 4136,1790 4225,1796 4315,1796 4327,1790"/>
                <TextEquiv>
                    <Unicode>hast.</Unicode>
                </TextEquiv>
            </TextLine>
            <TextLine id="tr_1_tl_10" custom="readingOrder {index:9;}">
                <Coords points="4039,2022 4914,2046 6126,1953 6126,1892 5953,1850 4042,1826"/>
                <Baseline points="4058,1945 4070,1939 4160,1945 4249,1951 4339,1945 4428,1951 4518,1945 4607,1945 4697,1945 4786,1945 4876,1945 4965,1939 5055,1939 5144,1939 5234,1945 5324,1939 5413,1939 5503,1939 5592,1939 5682,1933 5771,1939 5861,1939 5950,1939 6040,1933 6129,1933"/>
                <TextEquiv>
                    <Unicode>Lilly: Das ist noch gar nicht entschie¬</Unicode>
                </TextEquiv>
            </TextLine>
            <TextLine id="tr_1_tl_11" custom="readingOrder {index:10;}">
                <Coords points="4039,2182 4077,2174 4130,2184 4154,2171 4178,2182 4215,2171 4239,2187 4255,2176 4276,2179 4271,2044 4239,2044 4217,2028 4178,2022 4127,2030 4093,2014 4034,2038"/>
                <Baseline points="4052,2094 4142,2094 4231,2100 4279,2100"/>
                <TextEquiv>
                    <Unicode>den.</Unicode>
                </TextEquiv>
            </TextLine>
            <TextLine id="tr_1_tl_12" custom="readingOrder {index:11;}">
                <Coords points="4029,2339 4539,2315 4651,2246 4900,2307 6123,2264 6123,2062 5833,2107 5634,2038 4858,2030 4635,2150 4031,2182"/>
                <Baseline points="4046,2244 4070,2244 4160,2250 4249,2250 4339,2250 4428,2250 4518,2250 4607,2244 4697,2244 4786,2244 4876,2244 4965,2244 5055,2244 5144,2244 5234,2244 5324,2244 5413,2244 5503,2244 5592,2244 5682,2244 5771,2238 5861,2238 5950,2244 6040,2238 6129,2232"/>
                <TextEquiv>
                    <Unicode>Eduard : Was wird denn da der Doktor ma-</Unicode>
                </TextEquiv>
            </TextLine>
            <TextLine id="tr_1_tl_13" custom="readingOrder {index:12;}">
                <Coords points="4031,2450 4908,2445 5094,2495 5421,2418 5690,2434 5690,2309 5443,2270 5203,2341 4938,2291 4571,2363 4031,2341"/>
                <Baseline points="4046,2399 4082,2399 4172,2399 4261,2399 4351,2399 4440,2399 4530,2399 4619,2399 4709,2399 4798,2399 4888,2399 4977,2393 5067,2393 5156,2393 5246,2393 5335,2393 5425,2393 5515,2393 5604,2387 5694,2381"/>
                <TextEquiv>
                    <Unicode>chen, wenn du in Inssbruck bist?</Unicode>
                </TextEquiv>
            </TextLine>
            <TextLine id="tr_1_tl_14" custom="readingOrder {index:13;}">
                <Coords points="4031,2596 4805,2642 5071,2572 6155,2583 6155,2490 5918,2402 4611,2514 4031,2445"/>
                <Baseline points="4046,2542 4136,2548 4225,2548 4315,2548 4404,2548 4494,2548 4583,2548 4673,2548 4762,2548 4852,2548 4942,2542 5031,2542 5121,2542 5210,2542 5300,2542 5389,2542 5479,2542 5568,2536 5658,2542 5747,2542 5837,2542 5926,2542 6016,2542 6105,2542 6159,2542"/>
                <TextEquiv>
                    <Unicode>Lilly: Was geht denn dich der Doktor an.</Unicode>
                </TextEquiv>
            </TextLine>
            <TextLine id="tr_1_tl_15" custom="readingOrder {index:14;}">
                <Coords points="4031,2737 5716,2758 5881,2817 6155,2756 6155,2636 6048,2599 4031,2636"/>
                <Baseline points="4046,2697 4136,2703 4225,2703 4315,2703 4404,2703 4494,2697 4583,2697 4673,2697 4762,2697 4852,2697 4942,2697 5031,2697 5121,2697 5210,2697 5300,2697 5389,2697 5479,2697 5568,2697 5658,2697 5747,2697 5837,2697 5926,2697 6016,2697 6105,2697 6159,2703"/>
                <TextEquiv>
                    <Unicode>Schau lieber, dass du bei der Nachprüfung</Unicode>
                </TextEquiv>
            </TextLine>
            <TextLine id="tr_1_tl_16" custom="readingOrder {index:15;}">
                <Coords points="4037,2907 5772,2929 5873,2907 5873,2777 4037,2780"/>
                <Baseline points="4052,2858 4088,2852 4178,2858 4267,2858 4357,2858 4446,2852 4536,2852 4625,2852 4715,2852 4804,2852 4894,2852 4983,2852 5073,2847 5162,2847 5252,2852 5341,2847 5431,2847 5520,2847 5610,2847 5700,2847 5789,2852 5879,2847"/>
                <TextEquiv>
                    <Unicode>in Latein nicht wieder durchfallst.</Unicode>
                </TextEquiv>
            </TextLine>
            <TextLine id="tr_1_tl_17" custom="readingOrder {index:16;}">
                <Coords points="4031,3064 5023,3107 5783,3064 5783,2929 5650,2913 4664,2966 4031,2923"/>
                <Baseline points="4046,3008 4088,3014 4178,3014 4267,3014 4357,3008 4446,3008 4536,3008 4625,3008 4715,3008 4804,3008 4894,3014 4983,3008 5073,3008 5162,3008 5252,3008 5341,3008 5431,3002 5520,3008 5610,3002 5700,3002 5789,2996"/>
                <TextEquiv>
                    <Unicode>Eduard: Mir g'fallt er gar nicht.</Unicode>
                </TextEquiv>
            </TextLine>
            <TextLine id="tr_1_tl_18" custom="readingOrder {index:17;}">
                <Coords points="4018,3218 5955,3255 5955,3088 5796,3064 4018,3104"/>
                <Baseline points="4034,3163 4082,3169 4172,3169 4261,3163 4351,3157 4440,3163 4530,3157 4619,3157 4709,3157 4798,3163 4888,3157 4977,3157 5067,3157 5156,3157 5246,3157 5335,3157 5425,3151 5515,3157 5604,3151 5694,3157 5783,3157 5873,3151 5962,3145"/>
                <TextEquiv>
                    <Unicode>Lilly? Habe die Ehre. Ich geh in den</Unicode>
                </TextEquiv>
            </TextLine>
            <TextLine id="tr_1_tl_19" custom="readingOrder {index:18;}">
                <Coords points="4026,3370 4935,3388 5177,3333 5573,3415 5942,3311 5836,3221 5653,3271 4993,3208 4871,3269 4026,3226"/>
                <Baseline points="4040,3318 4070,3318 4160,3318 4249,3318 4339,3318 4428,3318 4518,3312 4607,3306 4697,3312 4786,3312 4876,3318 4965,3306 5055,3306 5144,3306 5234,3306 5324,3300 5413,3306 5503,3306 5592,3306 5682,3306 5771,3300 5861,3306 5950,3306"/>
                <TextEquiv>
                    <Unicode>Wald Studiosen. (Wendet rützliche)</Unicode>
                </TextEquiv>
            </TextLine>
            <TextLine id="tr_1_tl_20" custom="readingOrder {index:19;}">
                <Coords points="4018,3566 4252,3503 6099,3585 6155,3574 6155,3359 5129,3428 4018,3383"/>
                <Baseline points="4034,3467 4124,3473 4213,3473 4303,3479 4392,3473 4482,3467 4571,3467 4661,3467 4751,3467 4840,3467 4930,3467 5019,3467 5109,3467 5198,3467 5288,3467 5377,3467 5467,3467 5556,3467 5646,3467 5735,3467 5825,3467 5914,3467 6004,3467 6093,3461 6159,3467"/>
                <TextEquiv>
                    <Unicode>Eduard (sie noch beim Aermel erwischend):</Unicode>
                </TextEquiv>
            </TextLine>
        </TextRegion>
    </Page>
</PcGts>
