3432 4072
622 390 2989 628 glaubt sich durch einen Traum seiner Jugend zu den
625 628 2940 775 höchsten kirchlichen Würden berufen. Es wohnt ihm
637 802 2849 955 eine Tendenz inne zu symbolisieren. Er sucht in
628 921 2840 1098 allem, was ihm entgegenkommt, ein gottgesandtes
622 1074 2989 1223 Zeichen. Der Bildhauer bedeutet ihm die Kunst, der
580 1241 3032 1412 Arzt die Wissenschaft, die Frau die Familie, der Bub
625 1437 2922 1565 die Jugend, die Schauspielerin das leichte Leben.
628 1571 2843 1693 Aber da Gott alles geschaffen, hat er nicht das
631 1702 3020 1882 Recht, irgend etwas zu verachten oder geringzuschä-
644 1870 2138 2056 tzen. Es muss seinen Sinn haben.
592 2019 2989 2166 Zwischen dem Pfarrer und der Bildhauerin entwickelt
644 2190 2940 2336 sich eine sonderbare Beziehung. Sie führt ihn zur
650 2364 2980 2480 Erde, er sie in ein Höheres, von ihr nie Geahntes.
695 2501 2800 2657 Eine weitere Beziehung entsteht zwischen der
644 2650 2937 2797 Schauspielerin und dem Jungen, Gegenüber dem vor¬
650 2818 2992 2952 zeitigen Ernst des Arztes entzückt sie die Frische
644 2980 3044 3169 und das Unheimliche des Buben; sie für ihn bedeutet
650 3138 1589 3291 das erste Abenteuer.
644 3260 3068 3425 Am letzten Tag des Hierseins, nachdem Bildhauer und
604 3440 2885 3596 Arzt das Landhaus verlassen, nach einem schwülen
647 3578 3080 3797 Herbstage, im Dämmer des Abends, kommt es zum Letz-
1333 3846 1668 3962 =n/o usz
