6536 4216
5494 219 5794 417 1 II 7
5843 315 6010 440 65
4368 493 5017 641 Zweiter Akt.
4480 607 4996 779 ott xxx
4014 727 5997 977 Dieselbe Dekoration.Später Nachmittag.
4016 917 5937 1097 Eduard sitzt am Tisch, auf dem Bücher
4027 1040 5976 1251 und Hefte liegen, schreibt in ein Heft
4021 1215 6096 1433 mit zeitweiliger Benützung eines Buches.
4045 1368 6083 1546 Kathi kommt aus dem Haus mit Kaffeetuch
4040 1535 5622 1759 und Tassen auf einem Tablette.
4042 1678 6140 1856 Katti: Ah, der Herr Eduard studiert noch.
4053 1814 6104 2054 Eduard (sieht sie an,kümmert sich nicht).
4037 1963 6054 2205 Katti: Weil ich nämlich zur Jausen hab
4045 2171 4957 2325 aufdecken wollen.
4037 2252 6057 2541 Eduard: Es ist ja am halben Tisch auch
4058 2442 5968 2651 Platz. Bis Sie den Kaffee bringen bin
4053 2609 5061 2778 ich sowieso fertig.
4053 2666 6106 2942 Katti (das Bischtuch über die Hälfte des
4063 2914 6010 3062 Tisches ausbreitend): So fleissig ist
4058 3128 4855 3253 der junge Herr.
4061 3177 6065 3443 Eduard (schlägt eben im Wörterbuch nach
4084 3383 5030 3646 antwortet nichts).
