6568 4168
4077 524 5163 765 förmlich aufgeblüht.
4091 735 6013 947 Kaplan: Das muss ich bestätigen. Man
4067 906 5965 1072 sieht's von einem Tag zum andern. K
4075 1056 6184 1238 Lilly: Ah, Hochwürden haben auch die Gna¬
4069 1203 5265 1393 de so was zu bemerken?
4094 1329 6139 1532 (Aus dem Hause Kathi, ein Glas Milch in
4061 1505 4602 1676 der Hand).
4075 1642 6216 1842 Josefa: Aber Sie hätten sie wirklich auf
4056 1813 6037 2013 einer Tassen bringen können. Das kann
4064 1957 5398 2168 man ja hundert Mal sagen.
4631 2120 5150 2230 ake this due in
4053 2142 5893 2291 Lilly: Das ist doch ganz egal. Wir
4064 2278 6187 2468 sind doch auf dem Land, Der Doktor weiss
4045 2449 6040 2596 schon, dass es in Wien viel feiner bei
4045 2577 6120 2741 dir zugeht,Josefa. Und im nächsten Jahr
4048 2751 6200 2928 werden sie sogar einen livrierten Bedien
4032 2906 6104 3072 ten haben. Da seine ist ein vermouge
4773 2987 5313 3104 Bevienter
4029 3056 6021 3270 Josefa; Du red'st viel Unsinn,wenn der
4027 3208 4746 3385 Tag lang ist.
4027 3305 5845 3591 Lilly (trinkt und setzt wieder ab).
