6552 4152
323 1898 532 2076 G.C.F.P.
599 2334 984 2517 B.F.D. Ende
571 2931 765 3128 G.H.F.P.
430 3116 610 3302 G.C.F.P.
698 3572 1176 3758 G.H.F.P.
4022 464 6148 712 Nacht da heraus zu kommen. Im Grund ist er
4013 669 5209 861 ja doch nur eine Qual.
4011 830 4944 1038 Lilly: Eine Qual?
4011 998 6258 1159 Felix: Nun ja. Oder hältst du es vielleicht
4022 1114 6207 1333 für ein besonderes Vergnügen (nah bei ihr)
4022 1302 6241 1491 zweihundert Schritte weit von dir in einem
4508 1403 4967 1519 perbelle de
4005 1465 6027 1654 muffigen Wirtshauszimmer zu liegen und
3999 1575 6232 1822 nicht zu dir können kein Aug habe ich zuge-
4011 1749 4882 1966 tan die se Nacht.)
4011 1927 6131 2129 Lilly, Und denkst du ich habe mich nicht
4011 2070 4939 2230 nach dir gesehnt.
4781 2163 5071 2284 zugleich
4005 2132 6154 2377 Felix: Aber hast sicher famos geschlafen.
3999 2377 6072 2579 Lilly; Ja, schlafen tu ich immer gut-hier
3994 2551 6241 2720 auf dem Land.Du musst nur denken, den ganzen
3974 2680 6117 2877 Tag im Freien. Und gestern sind wir doch
3968 2827 6123 3021 alle bis elf im Wirtshaus gesessen. Wenn
3980 2970 6199 3175 die Kathi nicht um fünf an meinem Bett ge-
3974 3142 6238 3350 standen wäre oder an meinem Divan vielmehr,
3952 3285 4888 3471 ich weiss nicht -
3980 3426 6128 3665 Felix: Mich hat keiner wecken müssen. Wie
