6664 4520
2898 345 3067 460 11=
6260 284 6515 614 162
3563 352 5926 686 Künteia -) (nicht der Kopf. de Nr. 2.)
3638 593 6525 909 Fradt. (Reuwel) Mein Euchrsicht ist -, - de Omuske
233 575 2945 970 Mr. Wm. Ho. Sie mir p. ein, wie
3609 765 6446 1020 kann aus unterm dem Dünlin zu Berlin.
251 844 1634 1185 Nacht gehebt hat.
3624 944 5283 1142 mit der Nacht zuschienen -
5595 1016 6400 1257 (will de segh -)
345 998 2266 1386 Raph. J. e une a Prof.
3695 1052 6324 1375 1 l. s. w. 1. h. b der Rechts gesagt, in woll
284 1164 3110 1659 frip. Nun der liet fall tot nie get bedend.
3695 1264 6102 1566 an mirge bittet etwas, (in wll um
1293 1404 2273 1602 Kap who psent I
3724 1469 5811 1756 in Rortweien, den mitgeben)
639 1465 3056 1828 Nicht löbren Seitwürden
3692 1595 5969 1943 F.R. (but frut de Cill- uitgebracht.)
406 1763 2959 2137 um Prof.:- und auf, eine Ec¬
3706 1799 6184 2155 It don't selvene and getrond for
373 1975 2403 2367 (mit  zu sehr zurückseiten
3613 2072 5056 2327 worten — (al. 1.
503 2198 1893 2489 Rath wil I hoff
3968 2266 5419 2489 Tract.. Frau, Rüb. -
1735 2388 2543 2708 to get.
4335 2438 5753 2643 Ht heift dit eeifs day teintl.
517 2460 1612 2737 Pr. Nachs. I
3667 2446 6224 2729 Ed. H het de Ball gogt, in wch ais, was in Ermn
560 2467 2848 2927 Stall. Zu Ome H ht C.T.K.
3663 2643 6181 2938 mitzeln...  H    d  Mert   j  (Sticht auf
4399 2819 5516 3081 deu til de aller.)
3685 2830 4069 2999 J.A.
575 2848 2119 3221 allentock gehalten.
3771 3038 6163 3268 Tres. Iubel mich erlaubt, die den grüssen
539 3132 1875 3458 Sr T. Art Mnd
3760 3196 5046 3509 Alle im Getringen.
564 3268 2891 3710 just. Dr. Erhard - papi¬
3774 3405 6166 3710 25 Ich ist die teienden Vot.
496 3566 2902 3932 soll - wünschen die schon Melt
3922 3624 5046 3886 <gap/>
427 3771 2992 4166 so teit - and I amfernfelle get
