6504 4264
1012 1406 1662 1570 G.C.H.F.P.
937 1529 1798 1834 tadusie aab heeft
530 1601 697 1775 G.C.F.P.
407 1921 597 2126 G.C.F.P.
1293 3120 1457 3296 G.C.F.P
4339 387 5066 625 hinter liegt.
4218 563 6004 794 silly: Es wird aber nichts hinter m
4162 689 6060 984 liegen. So wie du's meinst. Erstens,
4147 861 6124 1114 werde ich dem Doktor jeden Tag schrei
4152 1012 6121 1229 ben und alle vier bis fünf Wochen wir
4147 1191 5650 1386 er auf Besuch (zu mir) kommen.
4152 1334 6078 1555 Josefa: Das möcht ich mir nicht ein-
4157 1470 5530 1719 richten an deiner Stelle.
4162 1614 6203 1911 Lilly: Sell man sich auf gar nichts zu
4177 1803 6201 1975 freuen haben? Wenn das nicht wär’, wenn
4167 1934 6226 2131 ich nicht überzeugt sein dürfte.-) Und
4188 2093 6221 2300 zu Weihnachten sind Ferien, da komm ich
4195 2244 6203 2477 auf ein paar Tage nach Wien. Meinst du
4188 2402 6173 2643 denn, ich mach mir was aus der Komödie.
4183 2541 6006 2799 spielerei. Wenn ich nicht müsst. -
4203 2659 6214 2956 Josefa: Das ist aber wirklich das Neu-
4208 2935 4505 3073 este.
4208 3015 6249 3248 Lilly: Was ist denn neu dam n? Das ist
4226 3166 6160 3424 doch überhaupt nur eine Idee von der
4224 3330 6180 3565 Mutter (dass ich zum Theater geh.) Und
