6648 4504
6167 268 6459 529 169
3532 341 6327 693 besonders. Nachzug - u - gut Miederst
3602 525 4472 832 2 W. 1 noch.
3602 745 6240 1023 (1) Mr. Joseph Tei I was - must not
3584 1020 5349 1312 will not here; in
3612 1246 6160 1556 Dich fehlt leid nicht nicht schon vor¬
3644 1444 6048 1813 -e Zukreitz.  Probe beginnen sehen
4072 1677 4468 1827 Milly
3612 1705 5046 1931 am - -orgen -
3605 1879 5081 2206 En Dieit je - -
3678 2161 6198 2481 Juf. Heiß Wie uns al/affir auf.
3612 2363 6135 2721 – jing hei ƀ hein. Je cecis tot
3560 2610 6020 2934 it is here but - in to be
3539 2833 6174 3222 Berl - (Ul) Ich der Erbetr.
3755 3062 5954 3487 (Stuß ihn.). Als - Teukreich
3946 3358 5457 3664 Zung von!
4179 3567 5314 3905 Calle et -
