6472 4152
3367 166 5934 576 Tout Un 1/2 6 mai fort - ou il Novissy
3835 446 4000 576 r
3468 443 4895 662 me me me 1/2 6 —
3427 500 5895 847 Joré. N. - A. klopft eie des Fort - ainsi Graf.
3411 764 5055 984 a M. Soll en d'autor trou
3682 908 5800 1127 n.-d tout est déf de – M. de
3596 1016 5902 1290 Sie klop is ich schllos. Et ordent parle
3609 1213 5558 1421 beim Preußen: – unurgekommen je
3615 1242 5908 1602 aussi avec une atelée de
3921 1481 4268 1602 Vyant
3532 1471 5825 1749 Veu 4.m.t6 gaul. de ttes bien
3586 1678 4545 1892 " & klinik...
3516 1806 5360 2045 Sr. I is an eine gleich  im
3567 1952 5679 2204 Wm h uif ind dort huis
3787 2089 5440 2347 [illegible] and in: - see all
3586 2261 5529 2577 hrn Kirche, bekandt in
3736 2513 4934 2749 d'hui a jamais.
3634 2653 5564 2959 Yor. but if a letter was in
3768 2892 4402 3064 mit red.
3675 2927 5880 3246 Il est de quittes il tout, d
3726 3128 5950 3449 (Sinn. Un eau de pâcher. — Luber a
3787 3312 5816 3628 souj. M de je n'en putere,
3777 3589 5790 3812 Viele m. bin in syl d lass der
