6616 4392
6082 449 6267 661 110
4256 590 6294 862 Hängematte zwei dort liegende Polster):
4251 773 5646 959 Es wird nicht viel machen.
4245 922 6252 1113 Josefa: Es regnet ja schon. Sagen sie,
4251 1079 6171 1267 hat der junge Herr wenigstens seinen
4258 1241 5272 1411 Mantel mitgenommen?
4235 1382 6199 1547 Katti: Ist denn der junge Herr wegge-
4245 1528 5301 1732 gane bei dem Wetter?
4232 1675 6181 1837 Josefa (sieht sie etwas erstaunt an):
4235 1852 5990 2093 Schaun S' nach,ob der Mantel oben
4232 1996 4585 2176 hängt.
4237 2119 4820 2341 Kathi (ab).
4251 2260 6246 2443 (Schwarze Wolken, fernes Blitzen und et-
4219 2461 5382 2657 was Donner ganz fern).
4240 2605 6027 2782 Katti (oben von der Mansarde aus):
4227 2769 6223 2916 Nichts hat der junge Herrumitgenommen.
4227 2905 6327 3122 Josefa: Er wird hoffentlich so g’scheult
4227 3091 6121 3247 sein und gleich wieder zurückkommen.
4217 3200 5280 3409 Katti (verschwindet).
4214 3381 6294 3592 Kaplan (kommt von links, mit einem Schim,
4222 3543 6121 3780 den er eben zu schliessen versucht.)
