6664 4376
4263 651 6176 840 Lilly: Danke, ich geh dann selber auf
4263 829 4770 999 die Post.
4263 946 6176 1185 Eduard: Ich weiss ja doch an wen der
4263 1140 4813 1305 Brief ist.
4252 1281 6046 1501 Lilly: Es ist auch kein Geheimnis.
4233 1475 6367 1608 Eduard: Wie man täglich an einen Menschau
3604 1563 4101 1722 schreiben kan.
4255 1600 6141 1786 schreibt - es ist mir wirklich unbe-
4236 1751 6144 1975 greiflich. Und gar an einen so faden
4233 1900 4528 2073 Kerl.
4223 2049 6219 2238 Lilly (vor ihn hin): Also jetzt wird's
4209 2232 6102 2384 mir zu dumm. Noch ein Wort über den
4212 2344 6227 2533 Doktor und wir sind geschiedene Leute.
4217 2506 4834 2671 Verstanden?
4196 2644 6173 2862 Eduard: Natürlich versteh' ich’s. Ich
4212 2793 6203 2974 versteh überhaupt sehr viel. Viel mehr
4186 2984 6205 3144 als gewisse Leute meinen. (verbissen)
4196 3107 6312 3338 Und am liebsten möcht' ich ihn totschies-
4191 3282 4438 3415 sen.
4178 3399 6237 3593 Lilly (glaubt nicht recht verstanden zu
4180 3556 4890 3760 haben): Was?
