6696 4328
6176 447 6356 598 83
4431 577 6346 797 ja, was willst du denn eigentlich aus
4402 737 5040 930 mir machen?
4415 839 6440 1102 Josef a: Nichts. Bleib was du bist. Ich
4399 1071 6505 1280 hol' jetzt den Vinzenz ab. Meinen Schimt
5118 1163 6019 1335 selit der Bichmit¬
4413 1225 4742 1343 Kathi.
4402 1387 6374 1586 Katti (kommt mit dem Schirm): Vor elf
3702 1442 4295 1596 Bris in 8 half
4402 1515 5776 1706 in der Nacht kommt nichts.
3900 1581 4324 1690 richs nere.
3720 1667 4240 1857 (immer kurses)
4407 1672 5055 1855 Josefa (ab).
4402 1826 6435 2033 Lilly (schüttelt den Kopf, xxx
4397 2004 6348 2150 geht ins Haus, kommt nach einiger Zeit
4394 2132 6262 2315 wieder mit einer Briefschachtel und
4389 2302 6348 2474 einer Tintenflasche,in der eine Feder
4384 2458 6395 2584 mit Stiel steckt.Sie setzt sich an den
4397 2612 6296 2801 Tisch unter dem Baum, nimmt ein Blatt
4392 2764 6377 2942 aus der Briefschachtel, in der auch ei-
4363 2947 6335 3106 nige geschriebene Briefe mit Couverts
4392 3059 6356 3224 befindlich sind. Ein Wind hat sich er-
4365 3213 6147 3326 hoben. Einiges von dem Briefpapier
4358 3354 6252 3524 fliegt davon.Lilly steht auf,
4371 3524 6322 3725 hebt die davongeflogenen Papiere wie-
