6552 4216
587 635 1067 785 tat al¬
333 762 985 982 s!ad ea asW :
406 926 1377 1126 . ief hebed wollung
581 1061 1293 1256 Das xxxe xxx
384 2320 593 2523 Monsieur,
3926 514 4220 680 ist.
4335 624 4556 711 him.
3932 618 6006 847 Kaplan: Ja, was die Unruhe anbelangt, die
3937 821 6167 1010 innerliche mein ich, ich glaube, jeder Beruf,
3920 940 6099 1121 der ernst genommen wird, bringt innere Un-
5174 1095 5572 1208 nie jans
3870 1112 6102 1307 (lässt einen innerlich nicht recht zu Ruhe
3918 1270 5306 1487 kommen.) auf dem Cissen
3923 1372 6142 1620 Vincenz: Da gibt’s doch wohl Unterschiede,
3918 1592 5964 1784 Hochwürden. Ein Beruf wie der Ihre,zum
3926 1702 6009 1919 Beispiel,an einem so stillen Fleck Erde,
3937 1863 6111 2077 wenn man sich nicht gerade am politischen
3522 1936 3870 2179 Hhipp.
3943 2024 6184 2235 Getriebe beteiligt,wie einige Ihrer verehr-
3506 2156 3777 2343 3 jahre
5114 2156 6122 2408 Ihr Bruder ist Offizir
3943 2204 4764 2393 ten Amtsbrüder.
3926 2326 5097 2535 Josefa: Aber Vincenz
3943 2458 6212 2676 Kaplan: Damit befasse ich mich ja allerdins
4451 2631 4860 2746 notiden.
3926 2698 5987 2820 nicht aber es ist gar nicht zu glauben,
3935 2797 6198 2964 wie viel es selbst an einem so stillen Fleck
3926 2964 6187 3141 Erde zu tun oder wenigstens zu sorgen gibt.
3929 3082 6167 3283 Und zuweilen ist es ganz erstaunlich, wenn
3926 3249 6128 3435 man irgend ein Menschenkind ganz beruhigt
3943 3427 6167 3644 von sich hat gehen lassen, in welcher Unru¬
