6552 4184
363 2143 591 2316 G.C.H.F.P
352 2272 778 2443 G.C.H.F.P.
5915 225 6080 459 59
4000 426 6146 676 besinnend) Wenn ich nicht verhindert sein
4000 604 4959 811 soblte-dienstlich.
3989 758 6064 948 Lilly: Das täte mir leid.Sie applaudie¬
3995 904 5099 1099 ren sehr talentvoll.
4006 1055 5998 1242 Offizier: Jedenfalls werde ich so frei
3984 1217 6110 1409 sein meine Kameraden auf den neuen Stern
3989 1366 6091 1561 aufmerksam zu machen. Wir werden in cor-
4000 1530 6105 1665 pore dem ersten Auftreten beiwohnen. Hof-
3984 1668 5316 1868 fentlich werde ich auch -
3989 1797 6135 1984 Lilly: Wenn Sie an dem Abend Dienst haben
3978 1981 6050 2171 sollten, so tauschen Sie halt mit einem.
3995 2151 6121 2308 Offizier: Fräulein sind wirklich zu lie-
3984 2264 6009 2451 benswürdig. (Aber es könnte ja immerhin
3989 2454 5621 2618 auch eine andere Verhinderung -
3995 2572 6034 2783 Lilly: Ah so, da kann man nichts mach en.
3973 2673 5946 2943 Aber das lasst sich ja auch auf einen
3987 2893 5333 3058 andern Abend verschieben?
3984 3028 6187 3223 Offizier: Fräulein haben mich missverstan-
3973 3187 6091 3385 den. Ich meine nur, dass ich zu der Zeit,
3989 3316 6075 3561 wenn Fräulein in Innsbruck auftreten, am
