3416 4056
2743 283 2837 419 2
467 467 2858 605 Der Bildhauer und seine Frau leben in Kirchau, Som¬
509 569 2936 795 merwohnung auf dem Land. Sie haben einen 16jährigen
527 792 2755 903 Sohn. Der Bildhauer kommt nur ein, zwei Mal die
521 943 2794 1081 Woche hinaus. Er ist lebensfreudig, seiner Kunst
521 1078 2927 1250 gewiss. Seine Frau, aus bürgerlichen Verhältnissen,
536 1247 2939 1385 ist ihm nie viel mehr gewesen als das Weib, eine Er
536 1394 2915 1557 lösung von den Unannehmlichkeiten des Junggesellen-
503 1551 2749 1695 tums. Sie war ihm immer treu, er hat nie darüber
494 1701 2770 1846 nachgedacht. Der Sohn ein frühreifer, nicht eben
533 1882 2716 2002 heitrer, aber sehr temperamentvoller Junge mit
539 2015 2782 2168 der Neigung zum Abenteuern, der einmal als Drei-
542 2174 2954 2322 zehnjähriger durchgegangen und bis Hamburg gekommen
548 2334 2791 2487 ist. Dann ist er sehr fleissig geworden, mit be-
545 2508 2852 2635 sonderem Interesse für Mathematik und Astronomie.
560 2650 2969 2773 Bei einer Familie auf dem Land im bescheidenen Hau###
548 2764 2912 2930 nächst der Kirche schöner Garten, der Pfarrhof be-
506 2948 2915 3084 nachbart, ist ein 19jähriges Mädchen zu Besuch. Sie
557 3099 2785 3249 ist di Tochter einer entfernten Verwandten der
560 3228 2909 3421 Bildhauerin:Verkehr in Wien: geht zum Theater.
554 3412 2834 3553 Aermliche Verhältnisse. Sie ist ein etwas nacht-
560 3571 2969 3722 wandlerisches Wesen, nicht sehr wahrhaft, aber doch
1331 3821 1662 3930 ustaelta.
