6456 4152
641 482 1573 700 wird, er hat gelebt
2171 612 2577 775 JaswTeie
1742 665 2081 784 Stadt
615 705 2818 940 Pfarrer: Sie sagen das? Eine Frau wie Sie?
641 871 2830 1109 Josefa: Ich, ja. Was hab ich von meinem Le-
2342 996 2575 1129 G.H.F.P.
618 1045 868 1196 ben?
1953 1077 2653 1297 beidebeidos
621 1149 2612 1382 Pfarrer: Sie sind glüklich.
604 1318 2801 1541 Josefa: Ich war es vielleicht einmal. Aber
604 1521 2708 1718 heute? Und ganz glücklich nie. Einmal war
610 1654 2754 1866 ich nah daran. Vor zehn Jahren.Da hab ich
2142 1765 2366 1875 G.C.F.P.
598 1788 2325 2006 mir's überlegt. Wozu? Ich bereue.
615 1980 2322 2168 Pfarr: Das glauben Sie jetzt nur.
615 2125 2688 2322 Josefa: Eine Närrin bin ich gewesen. Wer
595 2278 1268 2458 lohnt’s mir?
1582 2328 1782 2496 G.C.H.F.F:H:H.H:F.H4D.H
592 2348 2548 2633 Pfarrer: Was wäre aus Ihnen geworden?
604 2604 2908 2813 Josefa: Und was ist aus mir geworden? Morgen
598 2699 1834 2929 bin ich eine alte Frau.
1837 2783 2441 2958 The
592 2850 2157 3091 Pfarrer: Sie haben einen Sohn.
598 3042 2728 3239 Josefa: Ich habe einen Sohn geboren. Aber
580 3236 2749 3347 ich hab ihn nicht. Keine Mutter hat ihren
580 3309 2902 3570 Sohn. Keine Frau hat ihren Mann. Kein Bruder
2310 3463 2630 3608 eingel
575 3521 1515 3686 hat seinen Bruder.
575 3663 2902 3863 Pfarrer: Was für furchtbare Dinge sagen Sie?
3326 267 3721 517 18/3. 1918
3840 290 5718 604 Josefa: Wahre Dinge. Ja, ich habe auch
3805 511 6052 700 meinen Mann gehabt. Aber wie lang hat man die
3811 662 5718 897 wirklich? Ein paar Jahre höchstens.
3785 859 5956 1074 Pfarrer: Trübe Stimmungen, nichts anderes.
3799 1001 6002 1207 Josefa : Und dann ist man allein. Ich bin
3808 1077 6101 1318 immer allein gewesen. Und unsere Söhne laufer
3820 1257 5973 1472 in die Nacht und ins Leben hinaus und wir
3820 1437 5788 1681 sind nie jung gewesen. Was bleibt uns?
3396 1480 3741 1773 Mr ist.
3825 1602 5933 1814 Pfarrer: Ich habe Sie niemals so geehen.
3828 1733 5930 2003 Josdfa: Was wissen Sie denn von mir? Was
3825 1884 6136 2191 weiss irgend ein Mensch von mir? Und ich sel
3831 2078 4061 2252 ber?
3834 2154 5428 2473 Pfarrer: Es wird vorübergehen.
3834 2354 6133 2606 Josefa: Man wird sich wieder belügen. Und die
3364 2395 3553 2694 116
3849 2493 6159 2696 Andern auch. Aber es ist immer da, es geht nie
3387 2641 3625 2775 me &
3872 2641 6113 2862 vorüber. Wir haben nur keinen Mut. Ihr Bruder
3338 2734 3631 2897 delt.
3396 2798 3791 3033 gemiß.
3837 2824 4656 3027 hat Mut gehabt.
3846 2946 5599 3239 Pfarrer: Wäre das der Lohn? U¬
3860 3106 6147 3323 Josefa: Lohn ist die Stunde selbst. Dass man
3852 3262 6020 3538 einmal glücklich ist, das ist der Lohn. Ist
3843 3492 4737 3744 das nicht genug?
