<?xml version="1.0" encoding="UTF-8" standalone="yes"?>
<PcGts xmlns="http://schema.primaresearch.org/PAGE/gts/pagecontent/2013-07-15" xmlns:xsi="http://www.w3.org/2001/XMLSchema-instance" xsi:schemaLocation="http://schema.primaresearch.org/PAGE/gts/pagecontent/2013-07-15 http://schema.primaresearch.org/PAGE/gts/pagecontent/2013-07-15/pagecontent.xsd">
    <Metadata>
        <Creator>prov=READ-COOP:name=TrHtr:version=2.1.0:model_id=51170:date=30_07_2023_09:36</Creator>
        <Created>2023-05-10T13:48:30.955+02:00</Created>
        <LastChange>2023-07-30T09:36:09.890+02:00</LastChange>
        <TranskribusMetadata docId="1428596" pageId="55415381" pageNr="138" tsid="131490950" status="IN_PROGRESS" userId="64420" imgUrl="https://files.transkribus.eu/Get?id=ZPWYDOGMHGRYPFPGBCXFOAKL&amp;fileType=view" xmlUrl="https://files.transkribus.eu/Get?id=PTJLNKSNVVYLRZNOXUMPIEWD" imageId="44689514"/>
    </Metadata>
    <Page imageFilename="1428596_0138.jpg" imageWidth="6616" imageHeight="4392">
        <ReadingOrder>
            <OrderedGroup id="ro_1711790127109" caption="Regions reading order">
                <RegionRefIndexed index="0" regionRef="tr_1"/>
            </OrderedGroup>
        </ReadingOrder>
        <TextRegion id="tr_1" custom="readingOrder {index:0;}">
            <Coords points="3562,493 6235,493 6235,3620 3562,3620"/>
            <TextLine id="tr_1_tl_1" custom="readingOrder {index:0;}">
                <Coords points="5910,604 5953,587 5963,594 5983,579 6013,602 6048,579 6121,577 6118,436 6091,431 6071,454 6048,461 6015,451 5998,459 5975,439 5958,449 5943,444 5928,459 5908,454"/>
                <Baseline points="5925,549 6015,543 6104,549 6128,554"/>
                <TextEquiv>
                    <Unicode>108</Unicode>
                </TextEquiv>
            </TextLine>
            <TextLine id="tr_1_tl_2" custom="readingOrder {index:1;}">
                <Coords points="4245,725 4401,682 6081,735 6028,619 5858,647 5614,582 5499,629 5346,579 5236,627 4245,612"/>
                <Baseline points="4260,680 4350,680 4439,680 4529,680 4618,680 4708,686 4797,686 4887,686 4976,686 5066,686 5155,692 5245,692 5334,692 5424,692 5513,692 5603,692 5692,692 5782,692 5871,698 5961,698 6050,704 6086,698"/>
                <TextEquiv>
                    <Unicode>du nichts mehr von mir wissen, was?</Unicode>
                </TextEquiv>
            </TextLine>
            <TextLine id="tr_1_tl_3" custom="readingOrder {index:2;}">
                <Coords points="4253,875 6168,890 6231,875 6229,730 5599,802 5439,730 5130,792 4250,730"/>
                <Baseline points="4266,835 4356,835 4445,835 4535,835 4624,835 4714,835 4803,835 4893,841 4982,835 5072,841 5161,841 5251,847 5340,847 5430,847 5519,847 5609,841 5698,847 5788,847 5877,847 5967,847 6056,847 6146,859 6235,865"/>
                <TextEquiv>
                    <Unicode>Eduard: Wenn du mir nicht nachkommst,</Unicode>
                </TextEquiv>
            </TextLine>
            <TextLine id="tr_1_tl_4" custom="readingOrder {index:3;}">
                <Coords points="4253,1051 4682,1000 6010,1051 6038,948 4250,878"/>
                <Baseline points="4266,984 4356,984 4445,990 4535,990 4624,990 4714,990 4803,990 4893,996 4982,990 5072,996 5161,996 5251,996 5340,996 5430,996 5519,996 5609,1002 5698,1002 5788,1008 5877,1002 5967,1002 6044,1014"/>
                <TextEquiv>
                    <Unicode>Lilly: Ah,so schiesst du dich tot.</Unicode>
                </TextEquiv>
            </TextLine>
            <TextLine id="tr_1_tl_5" custom="readingOrder {index:4;}">
                <Coords points="3548,1106 3623,1106 3681,1146 3724,1111 3756,1131 3819,1098 3904,1108 3949,1091 4012,1123 4075,1098 4075,1000 4009,988 3954,948 3869,935 3653,1031 3611,1016 3576,1038 3548,1026"/>
                <Baseline points="3562,1080 3652,1080 3741,1080 3831,1080 3920,1080 4010,1080 4081,1080"/>
                <TextEquiv>
                    <Unicode>20 &amp; fêtre, dess</Unicode>
                </TextEquiv>
            </TextLine>
            <TextLine id="tr_1_tl_6" custom="readingOrder {index:5;}">
                <Coords points="4240,1186 5045,1156 5416,1221 5730,1166 5920,1236 6163,1194 6163,1053 5682,1096 5401,1043 5233,1098 4238,1048"/>
                <Baseline points="4254,1133 4344,1133 4433,1133 4523,1139 4612,1139 4702,1139 4791,1139 4881,1145 4970,1145 5060,1139 5149,1145 5239,1145 5328,1145 5418,1151 5507,1145 5597,1151 5686,1151 5776,1151 5865,1151 5955,1151 6044,1157 6134,1163 6170,1169"/>
                <TextEquiv>
                    <Unicode>Eduard: Nein, dann verddaast du nicht,</Unicode>
                </TextEquiv>
            </TextLine>
            <TextLine id="tr_1_tl_7" custom="readingOrder {index:6;}">
                <Coords points="3626,1214 3681,1236 3774,1214 3836,1244 3872,1216 3892,1231 3914,1216 3962,1229 3977,1211 4072,1224 4067,1153 4025,1138 3994,1158 3962,1126 3937,1136 3914,1121 3892,1146 3841,1151 3764,1126 3711,1156 3621,1126"/>
                <Baseline points="3640,1187 3729,1193 3819,1199 3908,1205 3998,1205 4075,1211"/>
                <TextEquiv>
                    <Unicode>né où toute</Unicode>
                </TextEquiv>
            </TextLine>
            <TextLine id="tr_1_tl_8" custom="readingOrder {index:7;}">
                <Coords points="4162,1354 4872,1384 4960,1321 5085,1364 5381,1306 5479,1369 6118,1379 6116,1221 6048,1206 4162,1196"/>
                <Baseline points="4177,1288 4266,1288 4356,1288 4445,1288 4535,1288 4624,1288 4714,1288 4803,1288 4893,1294 4982,1294 5072,1294 5161,1294 5251,1294 5340,1294 5430,1300 5519,1300 5609,1306 5698,1306 5788,1306 5877,1306 5967,1306 6056,1312 6122,1318"/>
                <TextEquiv>
                    <Unicode>dass ich mich totschiesse. (er läuft</Unicode>
                </TextEquiv>
            </TextLine>
            <TextLine id="tr_1_tl_9" custom="readingOrder {index:8;}">
                <Coords points="3568,1324 3623,1334 3668,1314 3706,1336 3731,1316 3774,1331 3821,1316 3972,1379 4004,1367 4065,1382 4060,1236 3909,1216 3849,1239 3784,1231 3724,1271 3631,1206 3563,1219"/>
                <Baseline points="3580,1300 3669,1300 3759,1306 3848,1306 3938,1312 4027,1318 4069,1318"/>
                <TextEquiv>
                    <Unicode>Capt. witwe</Unicode>
                </TextEquiv>
            </TextLine>
            <TextLine id="tr_1_tl_10" custom="readingOrder {index:9;}">
                <Coords points="3638,1467 3704,1457 3741,1467 3829,1462 3864,1444 3889,1464 3937,1462 3937,1357 3857,1342 3821,1316 3796,1334 3739,1316 3671,1369 3638,1377"/>
                <Baseline points="3652,1432 3675,1426 3765,1426 3854,1426 3944,1426"/>
                <TextEquiv>
                    <Unicode>Ergebt</Unicode>
                </TextEquiv>
            </TextLine>
            <TextLine id="tr_1_tl_11" custom="readingOrder {index:10;}">
                <Coords points="4245,1522 4300,1515 4340,1532 4466,1494 4496,1517 4521,1504 4544,1517 4556,1504 4599,1510 4589,1367 4574,1372 4554,1354 4461,1389 4416,1379 4391,1389 4345,1362 4295,1359 4265,1389 4238,1394"/>
                <Baseline points="4254,1444 4344,1438 4433,1444 4523,1456 4600,1456"/>
                <TextEquiv>
                    <Unicode>davon).</Unicode>
                </TextEquiv>
            </TextLine>
            <TextLine id="tr_1_tl_12" custom="readingOrder {index:11;}">
                <Coords points="4223,1763 5604,1788 5602,1695 5371,1662 4223,1673"/>
                <Baseline points="4236,1748 4326,1742 4415,1742 4505,1748 4594,1748 4684,1748 4773,1754 4863,1754 4952,1748 5042,1754 5131,1754 5221,1754 5310,1754 5400,1754 5490,1760 5579,1760 5609,1766"/>
                <TextEquiv>
                    <Unicode>Josefa tritt aus dem Haus.</Unicode>
                </TextEquiv>
            </TextLine>
            <TextLine id="tr_1_tl_13" custom="readingOrder {index:12;}">
                <Coords points="5075,1861 5103,1858 5120,1873 5163,1853 5201,1861 5233,1851 5241,1861 5253,1851 5298,1883 5306,1775 5263,1778 5233,1760 5201,1773 5183,1755 5150,1758 5118,1778 5083,1773"/>
                <Baseline points="5090,1855 5125,1849 5215,1837 5305,1837"/>
                <TextEquiv>
                    <Unicode>nitz</Unicode>
                </TextEquiv>
            </TextLine>
            <TextLine id="tr_1_tl_14" custom="readingOrder {index:13;}">
                <Coords points="4235,1943 4456,1993 4596,1946 4982,1998 6068,1978 6033,1813 5048,1873 4925,1813 4624,1863 4233,1820"/>
                <Baseline points="4248,1897 4338,1897 4427,1897 4517,1897 4606,1903 4696,1903 4785,1903 4875,1903 4964,1903 5054,1903 5143,1909 5233,1909 5322,1909 5412,1909 5501,1909 5591,1915 5680,1909 5770,1915 5859,1915 5949,1915 6039,1915 6074,1915"/>
                <TextEquiv>
                    <Unicode>Josefa: Ist das der Eduard, der dort</Unicode>
                </TextEquiv>
            </TextLine>
            <TextLine id="tr_1_tl_15" custom="readingOrder {index:14;}">
                <Coords points="4235,2086 4654,2059 4860,2079 4945,2131 5170,2076 5351,2096 5348,1983 4897,2009 4235,1973"/>
                <Baseline points="4248,2046 4338,2052 4427,2052 4517,2052 4606,2052 4696,2058 4785,2052 4875,2052 4964,2058 5054,2058 5143,2058 5233,2058 5322,2064 5352,2058"/>
                <TextEquiv>
                    <Unicode>über die Wiese läuft?</Unicode>
                </TextEquiv>
            </TextLine>
            <TextLine id="tr_1_tl_16" custom="readingOrder {index:15;}">
                <Coords points="4230,2259 6103,2264 6101,2106 5639,2169 5391,2111 4228,2119"/>
                <Baseline points="4242,2213 4332,2207 4421,2207 4511,2213 4600,2213 4690,2213 4779,2207 4869,2207 4958,2207 5048,2213 5137,2213 5227,2213 5316,2213 5406,2219 5495,2219 5585,2219 5674,2219 5764,2219 5854,2225 5943,2225 6033,2231 6110,2243"/>
                <TextEquiv>
                    <Unicode>Lilly: Ja,er will seinen Spaziergang</Unicode>
                </TextEquiv>
            </TextLine>
            <TextLine id="tr_1_tl_17" custom="readingOrder {index:16;}">
                <Coords points="4223,2372 5928,2422 6081,2390 6081,2274 5795,2314 5414,2264 5005,2342 4671,2274 4223,2304"/>
                <Baseline points="4236,2357 4326,2357 4415,2363 4505,2363 4594,2363 4684,2363 4773,2363 4863,2363 4952,2369 5042,2369 5131,2369 5221,2369 5310,2369 5400,2369 5490,2375 5579,2375 5669,2375 5758,2375 5848,2375 5937,2375 6027,2375 6086,2380"/>
                <TextEquiv>
                    <Unicode>nicht aufgeben. Der Kaplan hat abge-</Unicode>
                </TextEquiv>
            </TextLine>
            <TextLine id="tr_1_tl_18" custom="readingOrder {index:17;}">
                <Coords points="4225,2578 6103,2558 6101,2452 5990,2435 4223,2442"/>
                <Baseline points="4236,2512 4326,2512 4415,2518 4505,2518 4594,2518 4684,2518 4773,2518 4863,2518 4952,2524 5042,2518 5131,2524 5221,2524 5310,2524 5400,2524 5490,2524 5579,2530 5669,2530 5758,2530 5848,2530 5937,2530 6027,2530 6110,2536"/>
                <TextEquiv>
                    <Unicode>sagt. Er kann nicht kommen.- Iber ich</Unicode>
                </TextEquiv>
            </TextLine>
            <TextLine id="tr_1_tl_19" custom="readingOrder {index:18;}">
                <Coords points="4213,2713 6091,2726 6088,2583 5903,2648 4957,2555 4210,2575"/>
                <Baseline points="4224,2661 4314,2667 4403,2667 4493,2667 4582,2667 4672,2673 4761,2673 4851,2673 4941,2673 5030,2673 5120,2673 5209,2673 5299,2673 5388,2679 5478,2679 5567,2679 5657,2679 5746,2679 5836,2679 5925,2685 6015,2685 6098,2691"/>
                <TextEquiv>
                    <Unicode>hab gemeint, du holst deinen Mann ab?</Unicode>
                </TextEquiv>
            </TextLine>
            <TextLine id="tr_1_tl_20" custom="readingOrder {index:19;}">
                <Coords points="4210,2818 5815,2909 6141,2866 6141,2718 5868,2801 5715,2728 5411,2781 4210,2716"/>
                <Baseline points="4224,2816 4314,2822 4403,2822 4493,2822 4582,2822 4672,2822 4761,2822 4851,2822 4941,2828 5030,2828 5120,2828 5209,2828 5299,2828 5388,2828 5478,2828 5567,2828 5657,2834 5746,2834 5836,2840 5925,2840 6015,2840 6104,2840 6146,2846"/>
                <TextEquiv>
                    <Unicode>Josefa: Ich hab auf dem Weg den Tele¬</Unicode>
                </TextEquiv>
            </TextLine>
            <TextLine id="tr_1_tl_21" custom="readingOrder {index:20;}">
                <Coords points="4208,3004 6163,3034 6214,2879 5557,2934 5431,2881 5012,2931 4328,2879 4205,2931"/>
                <Baseline points="4218,2983 4308,2977 4397,2977 4487,2971 4576,2977 4666,2977 4756,2977 4845,2977 4935,2977 5024,2983 5114,2983 5203,2983 5293,2983 5382,2983 5472,2983 5561,2989 5651,2983 5740,2989 5830,2989 5919,2989 6009,2989 6098,2995 6188,2995 6223,2995"/>
                <TextEquiv>
                    <Unicode>graphenboten begegnet;der Vinzenz kommt</Unicode>
                </TextEquiv>
            </TextLine>
            <TextLine id="tr_1_tl_22" custom="readingOrder {index:21;}">
                <Coords points="4198,3132 4388,3159 4576,3137 4626,3167 4742,3139 5226,3157 5226,3062 4982,3039 4839,3074 4626,3032 4471,3077 4198,3062"/>
                <Baseline points="4212,3126 4302,3120 4392,3126 4481,3126 4571,3126 4660,3132 4750,3132 4839,3132 4929,3132 5018,3132 5108,3138 5197,3138 5233,3144"/>
                <TextEquiv>
                    <Unicode>heute nicht heraus.</Unicode>
                </TextEquiv>
            </TextLine>
            <TextLine id="tr_1_tl_23" custom="readingOrder {index:22;}">
                <Coords points="4198,3363 5053,3305 6194,3350 6191,3220 6063,3197 4195,3205"/>
                <Baseline points="4212,3288 4302,3282 4392,3282 4481,3282 4571,3288 4660,3282 4750,3288 4839,3288 4929,3288 5018,3288 5108,3294 5197,3294 5287,3294 5376,3294 5466,3294 5555,3299 5645,3294 5734,3299 5824,3294 5913,3299 6003,3299 6092,3299 6182,3299 6200,3299"/>
                <TextEquiv>
                    <Unicode>Lilly So. Es ist ja auch wirklich ei-</Unicode>
                </TextEquiv>
            </TextLine>
            <TextLine id="tr_1_tl_24" custom="readingOrder {index:23;}">
                <Coords points="4210,3488 6191,3548 6189,3365 6118,3348 5985,3400 5338,3332 5160,3390 4208,3360"/>
                <Baseline points="4224,3425 4314,3431 4403,3431 4493,3431 4582,3431 4672,3437 4761,3437 4851,3437 4941,3437 5030,3443 5120,3443 5209,3443 5299,3443 5388,3443 5478,3449 5567,3449 5657,3449 5746,3455 5836,3455 5925,3455 6015,3455 6104,3455 6194,3461"/>
                <TextEquiv>
                    <Unicode>ne Rackerei und besonders jetzt,wo die</Unicode>
                </TextEquiv>
            </TextLine>
            <TextLine id="tr_1_tl_25" custom="readingOrder {index:24;}">
                <Coords points="4195,3653 4955,3643 5173,3701 5516,3648 5735,3699 5732,3558 5419,3500 4865,3543 4193,3493"/>
                <Baseline points="4207,3586 4296,3586 4386,3586 4475,3586 4565,3592 4654,3586 4744,3592 4833,3592 4923,3592 5012,3598 5102,3598 5191,3598 5281,3598 5370,3598 5460,3592 5549,3598 5639,3604 5728,3610 5740,3610"/>
                <TextEquiv>
                    <Unicode>Abende schon so lang werden -</Unicode>
                </TextEquiv>
            </TextLine>
        </TextRegion>
    </Page>
</PcGts>
