6648 4376
6129 574 6286 693 84
4303 617 6347 914 der auf, legt sie dann auf xxxx ih-
4308 835 6197 1074 ren Sessel und setzt sich drauf; dann
4293 990 6098 1211 beginnt sie zu schreiben, die Feder
4280 1150 6294 1373 kratzt, sie schaut zur Mansarde auf, als
4290 1297 6321 1455 wollte sie Eduard rufen, überlegt sich's
4288 1452 6288 1635 dann wieder, schreibt weiter Wieder ein
4288 1599 6299 1754 Windstoss; sie erwischt ihr Briefpapier
4275 1777 6291 1932 eben,wie es wegfliegen will, nimmt das
4257 1942 6261 2074 ganze Material schreibt geschwind wei-
4257 2056 4626 2191 ter.)
