3192 3960
700 385 2780 645 ersten Moment an gewusst was dieser Brie-
706 586 2674 793 bedeutet, aber ich wollte es nicht glat
706 740 2732 926 ben, Und vollkommen hilflos dazustehen.
708 894 2737 1130 Ich habe natürlich daran gedacht sofort
698 1082 2830 1231 in die Stadt zu fahren. Aber was hülfe es
695 1199 2793 1393 mir. Ich könnte ihn ja nicht einmal fin-
698 1350 2605 1554 den. Er wird sich schon so verborgen
687 1515 2642 1676 haben, dass ich ihn nicht finden kann.
684 1668 2700 1836 Und diese Nacht nun und der. Morgen und
687 1833 2727 2003 warten bis Zwölf. Erst in solchen Stun-
698 1971 2804 2191 den fühlt man was einem ein Mensch bedeu-
695 2133 923 2310 tet.
724 2263 2806 2467 (Lilly sollte viel später kommen und den
698 2430 2212 2623 Brief selbst lesen für sich).
698 2586 2591 2777 Josefa: Was ist's nur mit dem Buben?
700 2732 2576 2934 Lilly: Es wird ihm nichts passieren.
714 2883 2714 3082 Josefa: Es wird ja immer fürchterlicher.
690 3034 2796 3244 Lilly, Jetzt wird er schon in Sicherheit
679 3228 966 3377 sein.
690 3342 1846 3602 Josefa: In Sicherheit?
