6552 4200
5947 338 6127 523 17
3939 487 4669 725 weit mit ihm?
3930 610 6099 881 Kaplan: Aber nein, er hat mich nur freund-
3933 808 5374 988 schaftlich bitten lassen...
3950 946 5760 1175 Josefa: Er stirbt schwer der Alte.
3953 1060 6182 1326 Kaplan (der sich auch gesetzt hat): (Ein son-
3953 1284 4834 1480 derbarer Mensch.
3975 1396 6174 1645 Vincenz: Was will er denn eigentlich immer
3956 1578 4518 1779 von Ihnen?
3956 1692 6051 1900 Kaplan: Ja, wenn ich das selber wüsst- er
3958 1844 6045 2059 ist nämlich gar nicht das,was man fromm
3970 2045 4300 2207 hennt.
3972 2162 6129 2395 Josefa: Ganz im Gegenteil heisst's sogar.
5066 2305 5296 2397 Eher,
3975 2347 5830 2557 Kaplan: (Nicht frem) aber neugierig.
3972 2462 6224 2674 Vincenz: Vielleicht auch eine Art von Fröm-
3967 2691 4409 2828 migkeit.
4501 2742 4845 2851 his ist...
3978 2702 6208 2991 Kaplan: Und  er möchte immer was aus
4991 2898 5380 3002 4 à der
4518 2918 4868 3024 nise,
3981 2895 6210 3150 mir herausbringen über das was später sein
3981 3058 5945 3290 Wird. Rept. lib. das was mir auch unter
4761 3164 5673 3304 so ganz gewesen werden.
3975 3198 6205 3480 Vincenz: Nichts ausplauschen,Hochwürden,ja
3984 3379 5897 3631 nicht. Das spricht sich dann herum -
