3352 4024
2702 318 2837 495 13
697 557 1098 702 III. Akt.
759 694 2129 815 Ein grauer Morgen. Landregen,
748 867 1512 1001 Der Bub u.Lilly.
748 1025 1900 1163 Die Mutter schläft noch.
759 1179 1677 1303 Was werden wir tun?
762 1284 2834 1421 Bub: Ich werde dich heiraten. Ich werd' dich
721 1475 2839 1604 ihm wegnehmen, ich werd' ihm alles sagen. Ich
721 1650 2689 1744 werde auch Schauspieler, ich komme zu dir.
762 1784 2667 1905 Lilly: Alles das ist Unsinn. Die höchste
759 1959 2659 2072 Pflicht eines Mannes ist Diskretion, ver
772 2115 1270 2234 stehst du?
772 2255 2266 2376 2. Die Bildhauerin, der Pfarrer.
724 2382 2764 2527 Sie: Ich werde alles tun, was Sie über mich
789 2527 2866 2699 verhängen, ich werde alles meinem Mann geste-
772 2740 988 2858 hen.
772 2820 2850 2985 Ja, wie ist das nur? Gehören wir jetzt nicht
732 2987 2874 3133 zusammen für alle Zeit? Es ist wie ein Schick-
735 3181 2812 3316 sal. Ich habe nicht geschlafen, Jetzt um elf
783 3334 2156 3499 Uhr wieder Messe und Presigt.
780 3482 2942 3606 3. Der Arzt kommt. Lilly wirft sich ihm an den
735 3663 2861 3814 Hals. Er hat gelesen, dass sie engagiert ist.
