6552 4168
4097 534 6035 772 Lilly: No ja,das hab ich doch sagen
4110 713 6132 901 müssen. (zum Kaplan) Sonst hätt er mich
4105 869 5952 1072 nämlich auf dem ganzen Weg sekiert.
4100 1043 6162 1247 Vincenz: Sekieren, das ist auch eine Art
4105 1199 4912 1386 von Obachtgeben
4057 1333 6025 1566 (Felix: Aber dann dürfen Sie mirddoch
4105 1512 5636 1678 wieder keinen Vorwurf machen.
4100 1668 6108 1874 Lilly, Aber wer macht Ihnen denn einen
4116 1815 4545 1995 Vorwurf.
4094 1963 5963 2161 Felix: Es ist doch direkt unlogisch
4110 2105 5719 2309 von Ihnen,wenn Sie einerseits -
4100 2250 6070 2467 Lilly (sich niedersetzend) : Also,wenn
4100 2400 6250 2636 Sie so anfangen mit einerseits, da bin ich
4094 2579 5306 2772 schon geschlagen. - d. h.
4084 2721 6242 2904 Kaplan, Man auss übrigens wirklich sagen,
4092 2896 6183 3086 Fräulein, diese vier Wochen auf dem Land
4105 3035 4491 3161 Jesofa:
4100 3102 6116 3287 Vincenz: Ob’s nun die eineinhalb Liter
4094 3244 6212 3408 Milch täglich sind oder die gute Luft da
4523 3365 5105 3448 &c orc-
4086 3376 6068 3628 heraussen, in den vier Wochen sind Sie
