6472 4120
5227 167 5511 264 Berlin
4222 242 5947 422 Sandleris Guts. Vierde. –  Fisch. - Zins - 3
3330 217 3800 497 15./10. 1912.
4083 319 6019 564 Selette - Herratt a Hagel. Miese. - (Rolle)
3958 525 6080 797 Vingenz und Josefa sitzen im Garten unter
3961 733 6119 928 dem Baum an dem bescheiden gedeckten Früh.
3958 897 6019 1105 stückstisch. Vingenz etwa fünfzig,unter-
3969 1028 6097 1247 setzt, volles, graumeliertes Haupthaar,Kne.
3991 1186 5808 1389 belbart, Sommeranzug, im Hemdärmeln.
3988 1319 5916 1547 Josefa noch hübsch, rundlich in einem
3991 1489 6038 1680 Morgenkleid adreti, aber nicht elegant.-
4172 1642 4380 1764 Jurat
3975 1650 6141 1878 Sie spricht und bewegt sich etwas schläf-
3991 1819 6152 1969 rig. Zuweilen blitzt es in ihren Augen ju-
4833 2005 5011 2114 G.F.P.
3997 1991 4700 2133 gendlich auf.
3994 2111 5961 2303 Im Hintergrund gehen Bauern mit ihrem
4002 2239 6208 2469 Handwerkszeug übers Feld und verschwinden.
4011 2414 6247 2628 Vincenz (nach einem Schluck Kaffee) Das kam
3983 2550 6177 2800 heut schön heiss werden (in der Eisenbahn.
3966 2739 5472 2922 Und gar drinn in der Stadt.
4725 2841 5386 2947 Millst nicht la
4036 2877 6097 3108 Josefa: So bleib doch heraussen. Auf den
4025 3050 5608 3230 einen Tag kommt's ja nicht an.
5661 3083 5861 3227 Sir
4552 3150 5611 3255 Freilich komt auf ihn an
5508 3125 6202 3361 Dankommt— War ja
4025 3205 4711 3414 Vincenz: Aben
4030 3297 6041 3541 schon ein Leichtsinn, dass ich gestern
4050 3477 6219 3683 über den Sonntag heraussen geblieben bin.
4561 3636 5166 3802 Jetzt mit gar¬
