3384 4024
2437 298 2575 423 12
765 438 2751 606 lateinhefte, sie plaudern über Astronomie.
723 617 2758 768 4. Die Bildh.kommt. Ein Gewitter naht. Die
773 811 2753 917 Tür zum Schlafzimmer der Frau steht offen.
779 922 2825 1079 Der Bub hat gesagt, er wird heute im Freien
747 1116 2806 1220 schlafen. Das tu' ich öfter, als ihr glaubt.
784 1257 2921 1382 5. Lilly kommt. Unsinn, während der Bub lernt
787 1411 2442 1525 Sie unterrichtet ihn. Er küsst sie.
795 1525 2907 1680 6. Pfarrer u.Bildhauerin. Sie fühlt sich bei-
795 1722 2828 1839 nah unglücklich, weiss nicht warum. Es gibt
752 1876 2828 1985 Tage, wo alles wankt. Mein stilles Leben ist
797 2014 2777 2147 mir plötzlich zuwider, es drückt auf mich.
800 2150 2867 2304 Was bin ich für meinen Mann? Er hat mich nie
805 2349 2825 2442 wert gehalten, seine Arbeiten zu verstehen.
797 2509 2870 2604 Nichts war ich für ihn als das Weib. Und das
803 2623 2849 2766 soll die ganze Existenz sein? Das Leben von
808 2774 2921 2937 Andern ist so reich. Und jetzt werd' ich alt,
874 2950 2982 3072 was hab' ich von alldem gehabt? Nun beichtet
808 3112 2897 3229 sie ihm, dass sie vor zehn Jahren beinah die
821 3266 2859 3386 Geliebte eines Offiziers geworden wäre; im
826 3412 2846 3606 letzten Moment hat sie sich davongestohlen.
330 3492 643 3662 des mais
779 3569 2851 3739 O Gott, ich liebe Sie ja, ick liebe sie, das
832 3758 1698 3875 ist es. - Gewitter
