6696 4360
6179 369 6336 533 95
4297 523 6229 768 Lilly (etwas erschreckt von seiner Be
4305 695 6367 878 stimmtheit, absichtlich scherzhaft): Das
4287 881 6383 1035 ist ja sehr schmeichelhaft für mich, aber
4292 972 6372 1140 es steht ja noch nicht geschrieben,wenn
4287 1124 6349 1304 du schon zum Theater gehst, dass du auch
4292 1281 6080 1448 grad in Innsbruck engagiert wirst.
4287 1438 6205 1670 Eduard: Das hängt vielleicht nur von
4292 1607 4676 1767 dir ab.
4271 1704 5220 1960 Lilly: Von - mir?
4273 1864 6338 2070 Eduard: Kannst mich ja dem Direktor an-
4273 2094 4825 2232 empfehlen.
4276 2177 5850 2394 Lilly : Ja, als Zettelaustrager.
4279 2352 6354 2522 Eduard: Meinetwegen,-wenn's nicht anders
4273 2517 6336 2710 geht, auch als Zettelausträger. Aber ich
4268 2658 6336 2823 will dort sein,wo du bist,ich muss dort
4268 2812 6364 2990 sein, wo du bist. Und ich werd' auch dort
4258 2985 4564 3131 sein.
3808 3082 3978 3291 V
4255 3071 4885 3312 Lilly: Was?
4245 3241 6323 3547 Eduard: Ich fahr' dir nach. Das ist kein
