6632 4344
573 2107 765 2317 G.H.F.P.
279 2275 862 2454 aaw. oedea i
6009 365 6219 583 103
4186 533 4795 717 einem Jahr.
4178 673 6059 878 Lilly. Was soll denn g'schehen? Wir
4186 875 6059 1062 werden halt fleissig sein beide,und
4199 1001 6164 1180 werden uns auf Weihnachten freuen und
4180 1153 5166 1385 aufs nächste Jahr.
4199 1485 4840 1666 Kathi kommt
4201 1634 6085 1816 Katti: Seine Hochwürden lasst sagen,
4199 1774 6091 2005 diss er heut ni ht mehr kommen wird.
4196 1921 5321 2102 Eduard: Ja,natürlich.
4196 2081 5426 2283 Lilly  Bei dem Wetter -
4204 2231 6295 2425 Katti! Oh, das halt noch aus. Es ist auch
4204 2383 6253 2564 nicht deswegen. Die Frau Marie erzählt,
4209 2501 6204 2730 dass Sei me Hodhwürden in seinem Zimmer
4188 2691 6303 2917 hin und herrennt, als wenn ihm was g'sche
4191 2864 4656 3016 hen wär.
4204 2959 6183 3240 Lilly: Ja,was soll ihm denng'schehen
4215 3185 4514 3324 sein?
4209 3287 6201 3508 Katti: Ja, die Marie sagt,es ist viel-
4222 3450 6301 3600 leicht wegen einem Brief, der bei ihm ge-
4209 3602 4619 3807 legen ist.
