6520 4152
3325 269 3698 503 4.1.1913
4024 543 5890 744 Eduard (kommt gelaufen) Guten Morgen
4493 738 4694 874 G.C.F.P.
3984 741 4298 922 ter.
3995 809 6181 1091 Vincenz: Guten Morgen No steckst du denn,
5627 970 5898 1066 et une
4009 990 6102 1207 du Schlingel? (Ich hätt wiederwegfahren
3995 1162 6119 1360 können, ohne dich überhaupt zu Gesicht zu
3992 1303 6014 1504 kriegen.) Aber, wie schaust du denn aus?
3967 1470 5347 1705 Du bist ja zum auswinden.
4004 1572 6127 1827 Eduard: Ich komm auch schon vom Katzen¬
4810 1756 5050 1855 nuitet
3981 1764 6116 1985 stein. In anderthalb Stunden hin und zu¬
956 1835 1137 2008 G.H.F.P.
3998 1934 6175 2155 rück. Ein Rekkord, was? Ich hab es auch an
3987 2084 6167 2285 die Wand von der Aussichtshütte geschrie-
1552 2064 1798 2344 G.F.P.
4009 2222 6107 2440 ben. Vor acht Tagen hab ich noch fünfzig
3998 2415 6269 2590 Minuten hinaufgebraucht, heut nur mehr xxx
5234 2522 6099 2729 selzte ich für
4009 2533 4629 2748 undvierzig.
4767 2545 5174 2757 Herrn
4009 2683 6209 2909 Vinzenz: Jetzt hab ich diese berühmte neue
3995 2853 5649 3051 Hütte noch immer nicht gesehen.
4024 2972 6178 3215 Josefa: Ja, wenn du immer so spät am Abend
4004 3127 6158 3334 herauskommst und so früh wieder hinein-
4004 3342 4400 3509 fahrst
4024 3492 5570 3698 Vincenz: Was soll man machen
4009 3597 6260 3795 Josefa: Es ist wirklich ein hübscher Blick.
