3432 4072
544 480 2920 641 eine Natur, gegen die sich im Ganzen nichts einwen-
544 602 2938 830 den lässt. Sie freut sich auf ihr Theaterleben, auf
544 766 2814 933 den Geruch von fremden Menschen und Ländern. Sie
504 945 2856 1109 ist die Geliebte eines jungen Arztes, der sie sehr
547 1091 2732 1237 tief liebt, eigentlich wie etwas ihm ungeheuer
517 1240 2920 1413 Fremdes. Er hat stets die Empfindung, nicht von ihr
574 1377 2920 1544 verstanden zu werden, was vielleicht auch ein Reiz
562 1577 2972 1696 ist. Sie hat ihn auch lieb, aber mit dem deutlichen
562 1671 2881 1917 Bewusstsein, dass es nur auf kurze Zeit ist, daß
571 1854 2929 2018 die Vernältnisse sie notwendig trennen müssen. Sie
565 2003 2966 2197 hat schon ein Engagement nach Innsbruck angenommen,
577 2179 2890 2334 hat es ihm aber noch verschwiegen. Der Arzt kommt
577 2340 2890 2495 manchmal mit dem Bildhauer zusammen aufs Land. Er
590 2474 2814 2635 ist auch für ihre Gesundheit besorgt und wollte
590 2674 2902 2799 selbst, dass sie eine Zeit in der guten Luft ver-
602 2823 930 3011 bringe.
590 2935 2999 3130 Der Pfarrer in dem Orte :Verweser: ist noch jung,
568 3115 3011 3279 vielleicht fünfundzwanzig. Er ist sehr von der Grös¬
605 3285 2960 3431 se seines Berufs durchdrungen, fühlt sich als Mit-
602 3434 2747 3580 telsperson zwischen Gott und den Menschen. Er
608 3577 2935 3765 weiss, dass er IHM näher ist als alle Andern, und
1374 3841 1665 3932 „ wusx
