6552 4152
4082 570 6132 770 Punkt neun Uhr hier vorbeikommt und ein
4058 697 6161 910 Viertelstunde lang erweisen Sie mir noch
4039 867 6105 1083 das Vergnügen Ihrer Gesellschaft.
4077 1034 6091 1234 Vincenz: Also, dann auf Wiedersehen bei
4058 1164 6180 1345 der Bahn, Herr Doktor. Begleitest du mihh
4050 1326 4982 1536 ein Stück, Josefa?
4053 1463 6032 1709 Josefa: Ich hab sowieso im Markt drin
4072 1669 4455 1817 zu tun.
4064 1714 6232 2003 Vincenz (zu Eduard): Kannst auch mitkommen.
4053 1931 5978 2138 Lilly: Aber pünktlich um zehn hat er
4053 2084 5003 2276 wieder da zu sein.
4066 2149 5997 2435 Vincenz (sieht sie etwas erstaunt an).
4058 2419 6126 2668 Lilly: Er muss mich nämlich meine Rolle
4066 2546 4604 2738 überhören.
4058 2681 5937 2962 Vincenz: So, so. No ja, dann freilich.
4058 2843 5170 3070 Adieu, Fräulein Lilly.
4058 3019 5748 3240 Lilly; Auf Wiedersehen am Abend.
2252 3143 2487 3324 111w
4042 3164 5446 3397 Vincenz: Adieu, Hochwürden.
4058 3343 6188 3532 Kaplan: Ja, ich muss auch - Freilich, mein
4047 3456 6167 3721 Weg führt nach der andern Seite. (Verab-
