3464 4088
870 465 2973 666 gar in eine politische Rölle drängen zu
867 609 3120 816 lassen, nahezu bereit war durch eine würdige
859 773 3016 977 Erklärung die Folgen der leidigen Affaire
867 931 3019 1163 wenn möglichaus der Welt zu schaffen,wird
867 1112 3094 1341 erstdurch das aufreizende Treiben persönli-
853 1244 3022 1416 cher Cegner zu einem energischen Beharren
845 1393 3120 1566 auf seinem Standpunkt veranlasst.Eine beson-
853 1540 3068 1752 dere Färbung erhält der Verlauf der ganzen
847 1689 3062 1876 Angelegenheit durch dem Umstand,dass Bern
845 1890 3097 2048 hardi Jude ist, was um das Jahr 1900, zu wel-
853 2031 2910 2189 cher Zeit die Handlung sich abspielt, in
850 2174 3097 2358 Oesterreich nicht ohne Bedeutung sein konn-
847 2347 3151 2502 te. Der überraschende Besuch des Unterrichts
830 2467 3039 2666 minister Flint, der vor 25 Jahren mit Bern-
827 2651 3122 2829 hardi zusammen klinischer Assistent gewesen
845 2789 3131 3010 war,sich später gleich vielen andern Profes-
830 2999 3097 3131 soren der medizinischen Fakultät den Anfän-
847 3111 3117 3266 gen des Elisabethinums feindselig gegenüber-
839 3272 2953 3453 gestellt hat und der Abschluss einer ins
847 3415 3071 3657 Tiefere gehenden Unterredung lässt es Bern.
