3496 4120
933 824 3010 1070 12. Bernhardi, Oskar, Karl, Cypri an, Hochr.,
928 1085 1393 1243 W채rterin.
961 1170 3023 1387 Oskar: Vater, das h채ttest du - gerade du als
1093 1323 2157 1542 Jude nicht tun sollen.
951 1418 2971 1713 Karl: Ich werde hier bleiben und in Ihrem
1106 1599 3139 1845 Sinne dar체ber wachen, dass kein Unberufener
1116 1791 2341 1997 in dieses Zimmer eintritt.
997 1884 3015 2170 Bernh: :wieder hinein: Es ist nicht mehr
1134 2119 1638 2331 notwendig.
1015 2209 2581 2473 Cyprian behauptet etwas Schiefes.
1023 2535 1915 2788 Hochr. u. W채rterin.
1031 2728 2506 2971 Hochr: Das bricht ihm den Hals,
