3464 4072
848 650 3144 865 Ein junger Arzt, Aspirant auf einer Klinik, weiss
851 836 3004 988 besser, was einem Patenten nottut als der be-
848 979 1549 1125 treffende Chef.
839 1137 3050 1306 Der Chef giebt ganz andere Anordnungen, der As-
833 1277 2259 1461 sistent lässt alles geschehen.
830 1420 2801 1612 Die Sache steigert sich in jeder Richtung.
819 1558 3038 1787 Ein ganz junger Arzt steht fassungslos daneben.
816 1750 2168 1904 Der patient geht zugrunde,.fl
813 1919 3004 2056 Der junge Arzt zum Assistenten: Aber Sie haben
813 2042 3096 2239 ja gewusst, was dem Mann fehlt. Er war ja zu ret-
822 2196 1028 2343 ten.
802 2368 3093 2523 Der Assistent: Freilich, Aber ich werd' doch dem
802 2506 2091 2683 Hofrat nicht widersprechen.
1011 2649 2732 2884 Dr Cressistent Knte Flant gulden ses
1160 2841 2729 3081 mts knt in den 2 aht in proch
1186 3038 2672 3219 De Cust, de ungehommt hat. Könnte Mutter
1197 3142 2111 3356 within that
