3496 4104
2616 567 2779 755 20
766 741 2974 983 2. Bernhardi und Prof.Pflugfelder, Karls Vater,
741 936 2941 1132 Pflugf: Ich bin gegen das, was Sie getan haben,
749 1118 2869 1319 lieber Kollege. Aber empörend bleibt es, dass
755 1278 2867 1484 eine Art Untersuchungskommision fungiert hat.
749 1396 2949 1597 Der Vetter Ebenwald hat Ihre Wärterin vernommen
766 1638 983 1779 etc.
763 1666 2977 1917 Bernh: In der morgigen Sitzung werde ich diesen
760 1859 2759 2041 Ebenwald meine Meinung sagen. Die Wärterin
774 1961 2935 2192 werfe ich hinaus. Morgen geh ich zum Minister.
