3304 4152
835 512 2778 725 Das ist’s ja, daran verbluten wir, dass
832 696 2776 885 wir uns einsetzen,unsere Ueberzeugung
835 843 2877 1043 und Ihr nichts als Euern Witz; dass wir
832 989 2661 1205 an das glauben,wofür wir eintreten.
845 1165 2936 1304 Ihr glaubt an dasselbe und amüsiert Euch
821 1314 2658 1506 köstlich, wie wir mit Aufgebot aller
832 1477 2722 1656 Kraft Euch Dinge erzählen,die Ihr ja
837 1608 2762 1792 längst wisst, von denen Ihr nur nichts
829 1733 2701 1954 wissen wollt, die Euch unbequem sind.
811 2050 2954 2256 Das Schreckliche bei uns Leuten, die alles
827 2234 2752 2410 verstehen, dass wir es auch verstehen.
821 2376 2805 2584 wenn wir einmal etwas nicht verstehen.
819 2648 2901 2856 Die schlimmsten Feinde sind die Freunde,
813 2840 1914 3008 die keinen Mut haben.
803 3085 2794 3290 Die gefährlichsten Feinde sind die, die
813 3274 2664 3509 unserer Ansicht sind und schweigen.
