3371 4168
804 515 2926 698 gar in eine politische Rölle drängen zu
807 661 3052 858 lassen,nahezu bereit war durch eine würdige
789 832 2966 1007 Erklärung die Folgen der leidigen Affaire
798 975 2966 1175 wenn möglichaus der Welt zu schaffen,wird
807 1167 3023 1304 erstdurch das aufreizende Treiben persönli
807 1301 2980 1502 cher Gegner zu einem energischen Beharren
804 1430 3080 1613 auf seinem Standpunkt veranlasst.Eine beson
812 1576 3032 1790 dere Färbung erhält der Verlauf der ganzen
795 1736 3020 1919 Angelegenheit durch dem Umstand,dass Bern-
804 1888 3020 2096 hardi Jude ist, was um das Jahr 1900, zu wel
809 2082 2869 2248 cher Zeit die Handlung sich abspielt, in
804 2242 3040 2411 Oesterreich nicht ohne Bedeutung sein konn.
812 2354 3086 2525 te. Der überraschende Besuch des Unterrichts
792 2508 3017 2688 minister Flint, der vor 25 Jahren mit Bern-
789 2683 3069 2851 hardi zusammen klinischer Assistent gewesen
809 2814 3063 3034 war, sich später gleich vielen andern Profes¬
804 2992 3037 3172 soren der medizinischen Fakultät den Anfän
807 3149 3103 3332 gen des Elisabethinums feindselig gegenüber
804 3286 2923 3486 gestellt hat und der Abschluss einer ins
804 3472 3069 3724 Tiefere gehenden Unterredung lässt es Bern.
