3512 4184
2898 290 3044 495 71
838 529 3095 729 Der vierte Akt spielt in Bernhardis Wohnung
850 684 2836 855 am Abend nach der Gerichtsverhandlung.
844 833 2828 1019 Nach den den Sachverhalt entstellnden
841 1005 2856 1142 Aussagen des Hochroitzpointner und der
841 1140 3092 1314 Schwester Ludmilla,trotz der günstigen Zeu.
847 1292 3016 1486 genaussagen aller übrigen,sogar des Pfar¬
841 1427 3025 1635 rers selbst, ist Bernhardi zu zwei Monaten
847 1626 2974 1770 Kerker verurteilt worden,da als erwiesen
847 1784 2873 1927 angenommen wird, dass er den Pfarrer in
858 1922 3061 2057 gewalttätiger Weise an der Ausübung seiner
847 2051 2991 2243 heiligen Pflicht verhindert hat. Der Ver-
858 2226 3095 2364 teidiger, Dr. Goldenthal, ist, nach der Ansicht
855 2395 2926 2518 von Bernhardis Freunden nicht energisch
861 2532 3075 2676 genug ins Zeug gegangen. Bernhardi, ermüdet
847 2707 3078 2842 und angewidert, will darauf verzichten eine
858 2819 3095 2988 Vichtigkeitsbeschwerde einzubringen; der al-
858 2983 2997 3140 te Pflugfelder spricht von der Notwendig¬
847 3115 3104 3329 keit die Angelegenheit in öffentlichen Ver-
847 3306 3044 3503 sammlungen zur Sprache zu bringen, der Be-
847 3450 2921 3604 richtserstatter eines 1 beralen Blattes
869 3604 3073 3739 erscheint bei Bernhardi und stellt im Auf-
