3544 4120
756 699 1846 1050 9. Bernhardi u.Cypri an.
769 901 2942 1150 Cypr: Ich habe dich gesucht wegen der nächsten
909 1069 2896 1274 Sitzung - wegen einer Sammlung – wegen der
2488 1163 2988 1322 Demokr. Tereci
974 1209 2496 1401 Vorst andswahl - wegen Messungen.
928 1363 2877 1581 Dann beginnt er, über ein Heiligenbild zu
928 1501 2944 1714 reden, das an der Wand hängt: Ich habe ein-
936 1695 2874 1878 mal einen unbekanntem Rembrandt entdeckt.
810 1805 2844 2043 Ueber die Ernennung Flints zum Unterrichts-
818 2054 1260 2240 minister.
845 2253 2963 2496 Wärterin bittet dringend Bernhardi, nochmals
896 2456 1773 2742 zu Anna zu kommen.
