3544 4104
2740 603 2869 740 16
671 844 2274 1110 3 Bernh., Ebenwald, sehr
781 995 2956 1228 Ebenw: Lieber Freund, ich komme in der Angele-
756 1164 2932 1381 genheit Hell. (6) Stimmen Sie für ihn. Und aus-
767 1288 2932 1534 serdem - ganz ehrlich - treten Sie von der Di
803 1444 2888 1688 rektion zurück: )Sie können sich ja mit Ihrer
784 1619 2863 1858 grossen Praxis entschuldigen.) Ich verspreche
817 1770 2965 1995 Ihnen dann, dass die Sache keine Folgen haben
800 1921 2885 2154 wird. Die Interpellation wird auch nicht ein-
806 2148 1570 2324 gebracht werden.
800 2258 1715 2461 Bernh: :frappiert:
806 2318 2926 2622 Ebenw: Es ist ein Handel wie ein anderer. Po-
871 2617 1175 2767 litik.
822 2650 2926 2915 Bernh: Und wenn ich diesen Vorschlag einfach
833 2792 2669 3061 veröffentlichen würde? Einwlle verk hinaust al
844 2935 3055 3233 Ebenw: Würde ich erklären, dass Sie lügen.
852 3192 2104 3381 Bernh: Entfernen Sie sich.
860 3299 2756 3537 Ebenw: Also Feindschaft his aufs Messer!
1028 3466 3047 3699 Eb. Chalen: Fünsel für den — „ Tichtesheit. I’d nur Remen¬
1006 3584 2822 3839 Sie habe mich talent, mehr fleiß, assis - es jetzt
1025 3650 2534 3891 wir ein bittet sich gegen nie zu schilzen.
1570 3822 1839 3932 renal
