<?xml version="1.0" encoding="UTF-8" standalone="yes"?>
<PcGts xmlns="http://schema.primaresearch.org/PAGE/gts/pagecontent/2013-07-15" xmlns:xsi="http://www.w3.org/2001/XMLSchema-instance" xsi:schemaLocation="http://schema.primaresearch.org/PAGE/gts/pagecontent/2013-07-15 http://schema.primaresearch.org/PAGE/gts/pagecontent/2013-07-15/pagecontent.xsd">
    <Metadata>
        <Creator>prov=READ-COOP:name=TrHtr:version=2.1.0:model_id=51170:date=24_07_2023_17:46</Creator>
        <Created>2023-05-10T13:35:25.131+02:00</Created>
        <LastChange>2023-07-24T17:46:48.450+02:00</LastChange>
        <TranskribusMetadata docId="1428583" pageId="55412999" pageNr="76" tsid="130554718" status="IN_PROGRESS" userId="64420" imgUrl="https://files.transkribus.eu/Get?id=SNAKJITGGQWXLQJWLZHJLTCB&amp;fileType=view" xmlUrl="https://files.transkribus.eu/Get?id=BDSWYRIBOMNNKRTYMQZIWJZW" imageId="44687140"/>
    </Metadata>
    <Page imageFilename="1428583_0076.jpg" imageWidth="3480" imageHeight="4184">
        <ReadingOrder>
            <OrderedGroup id="ro_1711791275822" caption="Regions reading order">
                <RegionRefIndexed index="0" regionRef="tr_1"/>
            </OrderedGroup>
        </ReadingOrder>
        <TextRegion id="tr_1" custom="readingOrder {index:0;}">
            <Coords points="268,561 3014,561 3014,3916 268,3916"/>
            <TextLine id="tr_1_tl_1" custom="readingOrder {index:0;}">
                <Coords points="2471,640 2495,638 2520,624 2547,640 2564,627 2605,624 2608,534 2594,531 2588,536 2542,506 2517,528 2498,514 2474,514"/>
                <Baseline points="2485,614 2521,614 2566,611 2611,611"/>
                <TextEquiv>
                    <Unicode>22</Unicode>
                </TextEquiv>
            </TextLine>
            <TextLine id="tr_1_tl_2" custom="readingOrder {index:1;}">
                <Coords points="602,1001 2419,900 2706,848 2712,769 613,862"/>
                <Baseline points="617,990 656,987 701,984 746,981 790,975 835,972 880,969 925,963 969,963 1014,960 1059,954 1104,951 1148,949 1193,943 1238,940 1283,934 1328,931 1372,928 1417,922 1462,922 1507,919 1551,916 1596,913 1641,910 1686,907 1730,904 1775,901 1820,895 1865,892 1909,886 1954,880 1999,877 2044,871 2089,868 2133,865 2178,862 2223,859 2268,853 2312,850 2357,844 2402,841 2447,838 2491,835 2536,835 2581,829 2626,826 2670,823 2715,823"/>
                <TextEquiv>
                    <Unicode>2. Bernh.scheinbar ruhig, eröffnet sofort die</Unicode>
                </TextEquiv>
            </TextLine>
            <TextLine id="tr_1_tl_3" custom="readingOrder {index:2;}">
                <Coords points="651,1141 2616,1032 2646,911 659,1067"/>
                <Baseline points="668,1137 677,1134 722,1134 766,1131 811,1128 856,1125 901,1122 946,1119 990,1116 1035,1113 1080,1110 1125,1104 1169,1101 1214,1095 1259,1092 1304,1086 1348,1083 1393,1080 1438,1077 1483,1074 1527,1071 1572,1065 1617,1059 1662,1059 1707,1056 1751,1050 1796,1047 1841,1044 1886,1038 1930,1035 1975,1032 2020,1029 2065,1023 2109,1023 2154,1017 2199,1014 2244,1005 2288,1005 2333,999 2378,996 2423,993 2468,990 2512,987 2557,987 2602,987 2647,987"/>
                <TextEquiv>
                    <Unicode>Sitzung. Auf dem Programm steht : Besetzung</Unicode>
                </TextEquiv>
            </TextLine>
            <TextLine id="tr_1_tl_4" custom="readingOrder {index:3;}">
                <Coords points="624,1330 1267,1256 1825,1294 2017,1196 2736,1155 2786,1021 635,1220"/>
                <Baseline points="644,1298 680,1295 725,1292 769,1289 814,1286 859,1280 904,1277 949,1274 993,1268 1038,1265 1083,1262 1128,1256 1172,1253 1217,1250 1262,1247 1307,1244 1351,1238 1396,1235 1441,1232 1486,1226 1530,1223 1575,1220 1620,1217 1665,1214 1710,1208 1754,1205 1799,1199 1844,1196 1889,1190 1933,1190 1978,1187 2023,1184 2068,1178 2112,1175 2157,1169 2202,1166 2247,1160 2291,1154 2336,1151 2381,1148 2426,1145 2471,1140 2515,1137 2560,1134 2605,1131 2650,1128 2694,1125 2739,1125 2784,1125"/>
                <TextEquiv>
                    <Unicode>der Abteilung Altmann u.Neuwahl des Vorstands.</Unicode>
                </TextEquiv>
            </TextLine>
            <TextLine id="tr_1_tl_5" custom="readingOrder {index:4;}">
                <Coords points="635,1453 2055,1420 2255,1322 2805,1300 2837,1231 2643,1144 2101,1305 643,1360"/>
                <Baseline points="650,1450 689,1447 734,1444 778,1441 823,1438 868,1435 913,1432 957,1429 1002,1426 1047,1420 1092,1417 1137,1414 1181,1408 1226,1405 1271,1402 1316,1396 1360,1393 1405,1387 1450,1384 1495,1381 1539,1375 1584,1372 1629,1369 1674,1369 1718,1363 1763,1357 1808,1354 1853,1351 1898,1348 1942,1342 1987,1339 2032,1336 2077,1333 2121,1331 2166,1325 2211,1322 2256,1316 2300,1310 2345,1304 2390,1301 2435,1295 2479,1292 2524,1292 2569,1289 2614,1286 2659,1283 2703,1280 2748,1277 2793,1274 2838,1277"/>
                <TextEquiv>
                    <Unicode>Frankl: Ich stelle die Anfrage, ob es wahr ist,</Unicode>
                </TextEquiv>
            </TextLine>
            <TextLine id="tr_1_tl_6" custom="readingOrder {index:5;}">
                <Coords points="700,1644 2553,1489 2810,1447 2824,1305 711,1535"/>
                <Baseline points="719,1602 763,1599 808,1593 853,1590 898,1587 943,1584 987,1578 1032,1572 1077,1569 1122,1566 1166,1563 1211,1560 1256,1557 1301,1551 1345,1545 1390,1542 1435,1539 1480,1536 1524,1530 1569,1527 1614,1521 1659,1521 1704,1519 1748,1513 1793,1507 1838,1504 1883,1498 1927,1495 1972,1492 2017,1486 2062,1483 2106,1480 2151,1474 2196,1474 2241,1468 2285,1462 2330,1459 2375,1456 2420,1453 2465,1450 2509,1444 2554,1441 2599,1435 2644,1432 2688,1429 2733,1423 2778,1417 2823,1414"/>
                <TextEquiv>
                    <Unicode>dass gegen Prof.B. eine Untersuchung wegen Re-</Unicode>
                </TextEquiv>
            </TextLine>
            <TextLine id="tr_1_tl_7" custom="readingOrder {index:6;}">
                <Coords points="246,1609 271,1614 296,1598 306,1612 443,1546 528,1573 553,1480 495,1456 389,1510 348,1502 334,1480 317,1491 279,1486"/>
                <Baseline points="268,1590 280,1590 325,1575 370,1566 414,1548 459,1539 504,1527 549,1521"/>
                <TextEquiv>
                    <Unicode>himin.</Unicode>
                </TextEquiv>
            </TextLine>
            <TextLine id="tr_1_tl_8" custom="readingOrder {index:7;}">
                <Coords points="317,1688 331,1691 342,1707 361,1696 378,1694 424,1666 441,1672 465,1573 438,1573 427,1557 416,1557 364,1582 345,1576"/>
                <Baseline points="340,1656 370,1650 414,1638 459,1626"/>
                <TextEquiv>
                    <Unicode>qui</Unicode>
                </TextEquiv>
            </TextLine>
            <TextLine id="tr_1_tl_9" custom="readingOrder {index:8;}">
                <Coords points="665,1814 947,1743 1023,1781 1196,1729 1984,1688 1992,1582 1776,1601 1718,1565 1406,1647 939,1688 679,1658"/>
                <Baseline points="686,1754 695,1754 740,1754 784,1751 829,1748 874,1745 919,1739 963,1736 1008,1733 1053,1727 1098,1724 1142,1718 1187,1715 1232,1712 1277,1710 1322,1704 1366,1701 1411,1695 1456,1692 1501,1689 1545,1683 1590,1680 1635,1677 1680,1674 1724,1671 1769,1668 1814,1659 1859,1656 1903,1653 1948,1650 1993,1650"/>
                <TextEquiv>
                    <Unicode>ligi onsstörung anhängig ist.</Unicode>
                </TextEquiv>
            </TextLine>
            <TextLine id="tr_1_tl_10" custom="readingOrder {index:9;}">
                <Coords points="681,1951 2000,1880 2293,1776 2619,1765 2627,1650 2194,1729 1863,1675 1196,1820 692,1811"/>
                <Baseline points="698,1915 743,1909 787,1906 832,1901 877,1898 922,1895 966,1889 1011,1883 1056,1880 1101,1877 1145,1871 1190,1868 1235,1868 1280,1862 1325,1859 1369,1856 1414,1850 1459,1844 1504,1838 1548,1835 1593,1829 1638,1826 1683,1820 1727,1817 1772,1814 1817,1811 1862,1808 1906,1805 1951,1799 1996,1796 2041,1793 2086,1790 2130,1784 2175,1781 2220,1778 2265,1775 2309,1769 2354,1766 2399,1760 2444,1754 2488,1748 2533,1742 2578,1742 2623,1742"/>
                <TextEquiv>
                    <Unicode>Bernh: Was soll das? Es steht ja in allen</Unicode>
                </TextEquiv>
            </TextLine>
            <TextLine id="tr_1_tl_11" custom="readingOrder {index:10;}">
                <Coords points="731,2069 824,2090 914,2055 977,2074 1015,2052 1070,2082 1141,2052 1166,2069 1223,2063 1229,1970 1190,1976 1168,1959 1092,1976 1067,1962 1015,1981 988,1967 949,1997 884,1984 810,2008 774,1987 736,1995"/>
                <Baseline points="746,2059 781,2059 826,2056 871,2050 916,2047 960,2044 1005,2041 1050,2035 1095,2032 1140,2029 1184,2026 1229,2026"/>
                <TextEquiv>
                    <Unicode>Zeitungen.</Unicode>
                </TextEquiv>
            </TextLine>
            <TextLine id="tr_1_tl_12" custom="readingOrder {index:11;}">
                <Coords points="700,2288 1855,2132 2383,2167 2783,2069 2791,1981 2408,1907 2200,2028 711,2140"/>
                <Baseline points="722,2214 734,2214 778,2214 823,2214 868,2208 913,2202 957,2199 1002,2196 1047,2190 1092,2187 1137,2181 1181,2178 1226,2172 1271,2169 1316,2166 1360,2163 1405,2157 1450,2151 1495,2145 1539,2142 1584,2139 1629,2136 1674,2130 1718,2127 1763,2127 1808,2121 1853,2115 1898,2109 1942,2106 1987,2106 2032,2097 2077,2094 2121,2092 2166,2086 2211,2083 2256,2077 2300,2074 2345,2068 2390,2065 2435,2062 2479,2056 2524,2053 2569,2050 2614,2047 2659,2044 2703,2041 2748,2035 2793,2032"/>
                <TextEquiv>
                    <Unicode>Fr: Ich erlaube mir die höfliche Anfrage, ob</Unicode>
                </TextEquiv>
            </TextLine>
            <TextLine id="tr_1_tl_13" custom="readingOrder {index:12;}">
                <Coords points="714,2427 1398,2345 1727,2386 2063,2246 2859,2197 2868,2090 725,2309"/>
                <Baseline points="734,2372 766,2369 811,2366 856,2363 901,2360 946,2360 990,2354 1035,2351 1080,2345 1125,2339 1169,2336 1214,2330 1259,2324 1304,2321 1348,2315 1393,2312 1438,2306 1483,2300 1527,2297 1572,2294 1617,2288 1662,2288 1707,2282 1751,2277 1796,2274 1841,2271 1886,2268 1930,2265 1975,2259 2020,2250 2065,2247 2109,2241 2154,2238 2199,2235 2244,2229 2288,2226 2333,2223 2378,2220 2423,2214 2468,2211 2512,2205 2557,2202 2602,2196 2647,2193 2691,2187 2736,2181 2781,2178 2826,2169 2870,2163"/>
                <TextEquiv>
                    <Unicode>Prof.B. nicht selbst geneigt wärde, unter die-</Unicode>
                </TextEquiv>
            </TextLine>
            <TextLine id="tr_1_tl_14" custom="readingOrder {index:13;}">
                <Coords points="742,2550 1636,2490 1762,2537 2279,2419 2411,2457 2424,2323 750,2454"/>
                <Baseline points="758,2527 766,2527 811,2524 856,2521 901,2518 946,2512 990,2509 1035,2503 1080,2500 1125,2494 1169,2491 1214,2485 1259,2482 1304,2479 1348,2473 1393,2468 1438,2465 1483,2459 1527,2456 1572,2453 1617,2447 1662,2444 1707,2438 1751,2435 1796,2432 1841,2426 1886,2420 1930,2417 1975,2411 2020,2408 2065,2402 2109,2396 2154,2393 2199,2387 2244,2384 2288,2381 2333,2378 2378,2375 2423,2375"/>
                <TextEquiv>
                    <Unicode>sen Umständen den Vorsitz abzugeben.</Unicode>
                </TextEquiv>
            </TextLine>
            <TextLine id="tr_1_tl_15" custom="readingOrder {index:14;}">
                <Coords points="788,2728 1634,2643 1762,2679 2167,2564 2178,2465 1954,2454 1669,2547 1458,2509 1045,2616 799,2602"/>
                <Baseline points="805,2679 835,2679 880,2673 925,2670 969,2664 1014,2662 1059,2659 1104,2656 1148,2650 1193,2647 1238,2641 1283,2635 1328,2632 1372,2629 1417,2623 1462,2617 1507,2614 1551,2608 1596,2605 1641,2599 1686,2596 1730,2590 1775,2587 1820,2584 1865,2575 1909,2572 1954,2569 1999,2563 2044,2560 2089,2554 2133,2551 2178,2545"/>
                <TextEquiv>
                    <Unicode>Löwenst: schüchtern: Oho!</Unicode>
                </TextEquiv>
            </TextLine>
            <TextLine id="tr_1_tl_16" custom="readingOrder {index:15;}">
                <Coords points="758,2857 2753,2692 2922,2646 2936,2517 2178,2542 1852,2687 766,2761"/>
                <Baseline points="772,2841 784,2841 829,2835 874,2832 919,2826 963,2823 1008,2820 1053,2817 1098,2811 1142,2805 1187,2802 1232,2796 1277,2793 1322,2787 1366,2781 1411,2778 1456,2772 1501,2769 1545,2766 1590,2760 1635,2754 1680,2751 1724,2745 1769,2742 1814,2739 1859,2733 1903,2727 1948,2724 1993,2721 2038,2718 2083,2715 2127,2709 2172,2703 2217,2700 2262,2694 2306,2685 2351,2679 2396,2676 2441,2670 2485,2667 2530,2662 2575,2659 2620,2653 2664,2650 2709,2647 2754,2641 2799,2635 2844,2632 2888,2626 2933,2626"/>
                <TextEquiv>
                    <Unicode>Bernh: Ich bin nicht geneigt. Ich eröffne die</Unicode>
                </TextEquiv>
            </TextLine>
            <TextLine id="tr_1_tl_17" custom="readingOrder {index:16;}">
                <Coords points="813,2991 1978,2999 2227,2851 2906,2802 2917,2690 2485,2682 2257,2799 1647,2802 980,2925 824,2887"/>
                <Baseline points="829,2987 856,2984 901,2978 946,2975 990,2969 1035,2966 1080,2963 1125,2960 1169,2954 1214,2951 1259,2945 1304,2939 1348,2936 1393,2933 1438,2927 1483,2921 1527,2918 1572,2915 1617,2909 1662,2903 1707,2900 1751,2897 1796,2891 1841,2885 1886,2882 1930,2879 1975,2873 2020,2870 2065,2864 2109,2861 2154,2855 2199,2850 2244,2847 2288,2841 2333,2838 2378,2832 2423,2829 2468,2823 2512,2820 2557,2814 2602,2811 2647,2808 2691,2802 2736,2796 2781,2790 2826,2784 2870,2778 2915,2769"/>
                <TextEquiv>
                    <Unicode>Debatte über die Besetzung der Abteilung Alt-</Unicode>
                </TextEquiv>
            </TextLine>
            <TextLine id="tr_1_tl_18" custom="readingOrder {index:17;}">
                <Coords points="804,3314 1973,3278 2279,3155 2911,3125 2922,3032 2528,3076 2241,3018 1644,3163 1111,3152 813,3232"/>
                <Baseline points="823,3294 865,3291 910,3288 954,3285 999,3279 1044,3273 1089,3267 1134,3264 1178,3258 1223,3255 1268,3249 1313,3243 1357,3240 1402,3237 1447,3232 1492,3229 1536,3223 1581,3223 1626,3217 1671,3214 1715,3208 1760,3202 1805,3199 1850,3193 1895,3187 1939,3184 1984,3178 2029,3172 2074,3169 2118,3163 2163,3157 2208,3154 2253,3151 2297,3148 2342,3145 2387,3139 2432,3133 2476,3127 2521,3124 2566,3121 2611,3115 2656,3112 2700,3109 2745,3100 2790,3097 2835,3088 2879,3082 2924,3079"/>
                <TextEquiv>
                    <Unicode>Fr: Zur formellen. Ich stelle den Antrag, dass</Unicode>
                </TextEquiv>
            </TextLine>
            <TextLine id="tr_1_tl_19" custom="readingOrder {index:18;}">
                <Coords points="870,3158 903,3144 949,3152 966,3141 977,3155 1034,3130 1059,3149 1100,3130 1136,3147 1141,3073 1062,3051 1018,3073 1004,3065 988,3081 917,3084 908,3073 876,3081"/>
                <Baseline points="889,3130 922,3130 966,3124 1011,3121 1056,3118 1101,3115 1145,3115"/>
                <TextEquiv>
                    <Unicode>mann.</Unicode>
                </TextEquiv>
            </TextLine>
            <TextLine id="tr_1_tl_20" custom="readingOrder {index:19;}">
                <Coords points="780,3240 799,3242 821,3232 859,3226 889,3229 889,3144 873,3144 865,3152 851,3141 832,3141 821,3149 802,3138 780,3138"/>
                <Baseline points="796,3223 841,3220 886,3220 895,3223"/>
                <TextEquiv>
                    <Unicode>letz</Unicode>
                </TextEquiv>
            </TextLine>
            <TextLine id="tr_1_tl_21" custom="readingOrder {index:20;}">
                <Coords points="859,3467 2851,3273 2868,3122 1658,3335 1420,3355 1311,3292 870,3366"/>
                <Baseline points="877,3449 895,3443 940,3440 984,3434 1029,3431 1074,3425 1119,3420 1163,3414 1208,3411 1253,3405 1298,3402 1342,3399 1387,3396 1432,3390 1477,3387 1521,3381 1566,3378 1611,3372 1656,3369 1701,3363 1745,3357 1790,3354 1835,3351 1880,3345 1924,3339 1969,3333 2014,3327 2059,3321 2103,3318 2148,3312 2193,3309 2238,3303 2282,3300 2327,3294 2372,3288 2417,3285 2462,3279 2506,3273 2551,3267 2596,3264 2641,3261 2685,3255 2730,3249 2775,3246 2820,3240 2864,3232"/>
                <TextEquiv>
                    <Unicode>Herr Prof.B. von seiner Direktorstelle sus-</Unicode>
                </TextEquiv>
            </TextLine>
            <TextLine id="tr_1_tl_22" custom="readingOrder {index:21;}">
                <Coords points="840,3634 1847,3601 2101,3475 2969,3429 3013,3316 851,3543"/>
                <Baseline points="859,3608 865,3608 910,3599 954,3596 999,3590 1044,3587 1089,3581 1134,3575 1178,3572 1223,3566 1268,3563 1313,3557 1357,3551 1402,3548 1447,3542 1492,3536 1536,3533 1581,3527 1626,3521 1671,3518 1715,3515 1760,3509 1805,3503 1850,3500 1895,3494 1939,3488 1984,3485 2029,3479 2074,3473 2118,3470 2163,3467 2208,3464 2253,3458 2297,3452 2342,3446 2387,3443 2432,3437 2476,3431 2521,3425 2566,3420 2611,3417 2656,3411 2700,3405 2745,3402 2790,3396 2835,3393 2879,3390 2924,3387 2969,3384 3014,3381"/>
                <TextEquiv>
                    <Unicode>pendiert wird bis nach Austrag der schwebenden</Unicode>
                </TextEquiv>
            </TextLine>
            <TextLine id="tr_1_tl_23" custom="readingOrder {index:22;}">
                <Coords points="846,3773 2731,3554 2985,3626 3010,3418 2479,3437 1516,3664 1064,3628 856,3694"/>
                <Baseline points="862,3763 898,3760 943,3757 987,3754 1032,3748 1077,3745 1122,3739 1166,3733 1211,3727 1256,3721 1301,3718 1345,3712 1390,3706 1435,3703 1480,3697 1524,3694 1569,3688 1614,3685 1659,3682 1704,3676 1748,3667 1793,3661 1838,3655 1883,3652 1927,3646 1972,3640 2017,3634 2062,3631 2106,3625 2151,3622 2196,3619 2241,3613 2285,3608 2330,3602 2375,3596 2420,3593 2465,3587 2509,3581 2554,3575 2599,3572 2644,3566 2688,3560 2733,3557 2778,3551 2823,3548 2867,3542 2912,3542 2957,3539 3002,3539"/>
                <TextEquiv>
                    <Unicode>Angelegenheit, und dass der Vicedirektor Ehen-</Unicode>
                </TextEquiv>
            </TextLine>
            <TextLine id="tr_1_tl_24" custom="readingOrder {index:23;}">
                <Coords points="914,3948 2750,3768 2761,3667 2569,3615 2277,3686 2145,3645 930,3814"/>
                <Baseline points="934,3903 972,3906 1017,3900 1062,3897 1107,3894 1151,3891 1196,3882 1241,3879 1286,3873 1331,3870 1375,3864 1420,3861 1465,3858 1510,3855 1554,3849 1599,3843 1644,3837 1689,3834 1733,3831 1778,3825 1823,3819 1868,3813 1912,3807 1957,3799 2002,3796 2047,3793 2092,3787 2136,3784 2181,3778 2226,3772 2271,3766 2315,3763 2360,3757 2405,3751 2450,3745 2494,3742 2539,3736 2584,3730 2629,3730 2673,3727 2718,3724 2763,3724"/>
                <TextEquiv>
                    <Unicode>wald vorläufig seine Funktionen ausübt.</Unicode>
                </TextEquiv>
            </TextLine>
        </TextRegion>
    </Page>
</PcGts>
