3384 4088
2456 442 2655 632 Cahie
563 576 2941 778 Waidhofner Beschluss: Vor zirka 16 Tagen tagte
573 738 2976 924 im Städttchen Waidhofen in Niederösterreich ein
573 900 2920 1071 Kongress der deut-österreichischen Studenten-
585 1074 2972 1261 organisation und dieser Kongress gab folgendes
582 1217 2783 1413 Dekret heraus: „Jeder Sohn einer jüdischen
570 1345 2926 1556 Mutter, jeder Mensch,in dessen Adern jüdisches
582 1510 3047 1712 Blut rollt,ist von Geburt aus ehrlos, jeder fei-
591 1659 2948 1858 neren Regung bar. Er kann nicht unterscheiden
585 1830 2854 2017 zwischen Schmutzigem und Reinem. Er ist ein
598 1986 2845 2169 ethisch tief stehendes Subjekt. Der Verkehr
591 2151 3094 2303 mit einem Juden ist daher entehrend,man muss je-
607 2300 3010 2487 de Gemeinschaft mit Juden vermeiden. Einen Ju-
610 2456 3063 2652 den kann man nicht beleidigen,ein Jude kann da-
604 2596 3007 2807 her auch keine Genugtuung für erlittene Belei-
622 2783 1647 2991 digungen verlangen!"
