3464 4184
2099 357 2613 544 I am
642 357 1195 692 votre
1577 539 1708 692 G.H
745 673 2836 826 Im zweiten Akt, der bei Bernhardi spielt,
782 790 2925 994 acht Tage nach dem ersten,
787 899 2956 1150 zeigt es sich, dass die Haltung des mirek-
807 1100 2967 1306 tors dem Pfarrer gegenüber in der engeren
798 1262 3042 1440 und weiteren Oeffentlichkeit ihre Folgen zu
804 1418 3026 1552 zeitigen begiint Das Kuratorium. auf dessen
801 1569 2869 1711 Wirken die Anstalt ideell und materiell
821 1708 3012 1884 in hohem Masse angewiesen ist, droht zu de-
809 1884 3009 2052 missionieren,eine Interpellation im Parla-
809 2018 2989 2169 ment steht bevor.Bernhardi, keineswegs ge-
826 2188 3054 2359 willt, den Helden um jeden Preis zu spielen.
835 2322 2830 2481 oder sich gar in eine politische Rolle
835 2484 2992 2635 drängen zu lassen,scheint anfangs auf Zu¬
832 2635 3054 2808 reden Cyprians geneigt eine würdige Erklä-
846 2747 3042 2942 rung abzugeben,die vielleicht geeignet wä-
1114 2931 1471 3031 leidige
832 2928 2987 3093 re die Affaire aus der Welt zu schaffen,
843 3093 2956 3243 aber die faktiösen Macheuschaften seiner
857 3202 2995 3403 Feinde veranlassen ihn zu immer entschie-
860 3375 2886 3564 denerem Beharren auf seinem Standpunkt.
857 3534 2959 3707 Am Schlüsse dieses Aktes erscheint ziem-
