3339 4184
721 430 2806 655 trag des Chefredakteurs dem Verurteilten
727 625 2850 807 das Platt zur Verfügung, um dort den Kampf
727 766 2792 942 fortzusetzen, insbesondere auszusprechen,
724 939 2905 1096 was er gegen den Minister Flint vorzubrin-
738 1093 2927 1256 gen habe, dessen Vorladung Bernhardi im Lau-
721 1228 2897 1437 fe der Verhandlung vergebens verlangt hat-
732 1371 2748 1550 te. Bernhardi lehnt diese Unterstützung
1509 1523 2858 1655 im Gegensatz zu den Andern
724 1572 2856 1696 ab. Immer wieder betont er, dass die Ange-
741 1685 2759 1870 legenheit eine private,keine politische
727 1870 2941 2035 für ihn bedeute, dass er nur mehr den Wunsch
719 1985 2891 2164 habe seine Strafe möglich bald abzubüssen,
727 2173 2902 2341 um wieder als Arzt seinem eigensten perufe
1793 2277 2699 2385 missmutigen Frage
727 2302 2831 2489 wirken zu können und den Verkauf des Ver-
732 2470 2784 2652 teidigers,warum er die dargebotene Hand
738 2608 2902 2806 das Anerbieten jenes einflussreichen Blat-
732 2754 2894 2958 tes verschmäht,begegnet er mit den Worten:
691 2902 2757 3167 Sei ne Feinde muss man nehmen,wie und wo
730 3065 2847 3252 man sie findet, meine Freunde kann ich mir
730 3247 2913 3390 aussuchen,glücklicherweise. "Gerade wie die
727 3368 2798 3464 Gesellschaft sich zu Tische setzen will
730 3445 2924 3547 wird ein Besuch angemeldet. Es ist der Pfär-
724 3519 2916 3627 rer selbst, den Bernhardi emp Die Andern be-
755 3596 2933 3715 geben sich ins Speisezimmer, der Pfarr tritt
744 3676 2018 3850 in Bernhardis Zimmer ein.
