3384 4088
724 514 2457 732 Der Geistliche u.d.Mutter d.M채dehens.
724 714 2313 917 Antisemitisch-klerikale Agitation.
770 904 909 1001 G.C.F.P.
750 958 1456 1078 Interpellation.
750 1050 2714 1250 Bernhardi, Direktor der Klinik, wird nicht
1271 1196 1376 1281 G.F.P.
786 1191 2804 1422 wiedergew채hlt. Der Konkurrent B's, ein Arzt
768 1327 2801 1574 der bei Hof sehr beliebt ist. Ein antisemit-
768 1510 2788 1728 ischer Abgeerdneter, der fr체her Patent B's
732 1671 2799 1897 war und jetzt erkrankt in Angst, aber im Ge-
747 1843 2116 2080 heimen zu ihm gelaufen kommt.
786 2003 2306 2213 Die Frau Bernhardis (:Christin?:
755 2126 2552 2347 Die Tochter, Einzige auf seiner Seite.
814 2300 1728 2519 Er wird beschimpft.
827 2383 2881 2675 Ein Antrag in der Generalversammlung d.Poli-
824 2573 2439 2822 klinik, dass er sich entsehuldige.
832 2740 2809 3040 Das sterbende M채dchen u. seine Beziehungen.
