3560 4120
2089 155 2225 361 6.
2619 512 2755 728 27
737 737 2437 955 4. Bernhardi, Flint. (nach, & ihrem Ebenmal
746 864 2771 1100 Flint: ikommt vielleicht als einstiger Pa-
758 1046 3195 1291 tient, als früherer Kollege: - sie rind nicht gut gewesen.
755 1167 2604 1431 Fl: Was kann ich für zuer Institut tun?
767 1355 2889 1579 Bernh: Weisst du noch nicht, dass eine Inter-
230 1300 567 1473 leueste
252 1446 624 1643 Clemâne
794 1491 2395 1716 pellation eingebracht werden soll?
818 1646 2922 1892 Fl: Ich hoffe, es wird nicht dazu kommen. Du
261 1682 582 1816 lieu
227 1785 709 1937 en lui gerese.
840 1831 2789 2022 wirst eben revozieren. Bedenke: gerade in
200 1892 743 2125 lui ansermde
834 1943 2983 2170 heutiger Zeit wäre so eine Geschichte sehr un-
273 2119 785 2343 Votre faissementait.
809 2158 1261 2355 angenehm.
270 2270 706 2428 21
812 2222 2419 2507 Bernh: Ich werde nicht revozieren.
270 2383 643 2513 mit a ue
252 2489 573 2619 betheilen.
818 2428 1643 2674 Er stimmt ihn um.
828 2561 2931 2804 Flint erklärt, dass er die Interpellation im
258 2564 755 2780 Innschtmühlen
837 2731 2480 2958 Sinne Bernhardis beantworten werde.
840 2868 3013 3152 Er freut sich schon auf die schöne Rede, die
888 3101 1561 3283 halten könnte.
855 3198 2934 3416 Wenn ich mir auch darüber das Genick breche.
940 3331 2443 3528 Traust du dir nicht so viel zu?
882 3510 2289 3728 O, da kennst du mich schlecht!
931 3631 3013 3871 Weisst du, um wen es sich handelt? wer diese
