3512 4104
2805 544 2923 673 21
838 728 3047 934 3. Karl Pfl. bringt die Nachricht, dass die In-
882 882 2970 1085 terpellation beantwrtet wurde. Er war selbst
843 1083 1811 1278 im Abgeordnet enhaus.
849 1280 1069 1437 Nun?
841 1412 2937 1583 Karl: Die Beantwortung lautete ungefähr: Die
893 1558 2937 1698 Regierung wird nicht dulden - es wird dafür
871 1662 2910 1852 gesorgt werden, dass derartige Verletzungen
871 1830 2907 2011 des religtösen Gefühls... zwar glauben wir,
879 1997 2915 2162 dass Prof.Bernhardi in der besten Intention
937 2110 3009 2341 vorgegangen ist, aber um völlige Klarheit in
929 2308 2954 2481 der Angelegenheit zu schaffen, ist der Auf-
934 2377 3102 2649 trag an die Staatsanwaltschaft ergangen, gegen
934 2577 2923 2808 Prof.B. eine Untersuchung wegen Religions-
942 2783 1937 2970 störung einzuleiten.
275 2852 920 3050 Vielleicht plaet
1011 3025 1511 3149 Jebst Cyprian.
305 3033 802 3146 is ae rusfid d
1058 3088 2813 3281 da en algesandter Huits - noch ich es seit
283 3113 832 3237 sach u beunde
294 3198 659 3374 unblés.
1236 3190 2456 3421 (einer der Aerste. - Altman!
1209 3401 1695 3564 Cortick
1657 3492 2522 3695 Eskeit wie so weit.
