3464 4152
2393 491 2482 689 3
778 664 2945 851 Bernhardi ahnt, da er Hansens Ansichten kennt,
789 859 2214 1023 und giebt es ihm zu verstehen.
786 1049 2825 1166 Dann irgend ein Kondolenzbesuch von Frauen.
798 1166 2970 1325 Zum ersten Mal fällt das Wort “Erlösung”. Hans
806 1336 2970 1481 klammert sich daran. Mit dem ganz vernichteten
814 1486 2992 1626 Vater allein geblieben, greift er das Wort wie-
809 1640 3048 1804 der auf, verallgemeinert, ob man nicht dürfte...
809 1774 3051 1958 man müsste... Dann erzählt er. Er hat seine Mut-
837 1935 3051 2086 ter überrascht, wie sie sich zu dem Schränkchen
845 2078 2998 2253 tastete, zu dem der Vater und er die Schlüssel
831 2245 2925 2412 haben. Er hat sie gefragt und da hat sic ihn
837 2393 3003 2574 auf den Knieen gebeten, ein Ende zu machen. Er
851 2574 2953 2722 brauche es nicht selbst zu tun: ein Versehen,
853 2733 3062 2889 er brauche nur den Schlüssel stecken zu lassen.
859 2925 1668 3040 Das hat er getan,
853 3006 3093 3179 Dann wie bisher, nur das Entsetzen, der Abscheu
873 3221 1760 3433 des Vaters stärker.
