3368 4184
2712 379 2837 590 10
1036 575 1672 773 II. Akt.
724 721 1731 902 Im Hause Pflugfelder.
730 893 2609 1083 Hoffnung, dass es Frau Pfl. besser geht.
721 1051 1646 1238 Festliche Stimmung.
724 1194 2945 1386 Anna Pflugfelder und der junge Bernhardi sollen
736 1392 1690 1547 sich heute verloben.
744 1486 2919 1707 Gespräch Hans und seine Mutter, Liebe zwischen
750 1687 1045 1853 ihnen.
750 1795 2857 1988 Vielleicht leuchtet in diesem Gespräch durch,
762 1985 2872 2128 welchen eventuellen letzten Dienst die Mutter
768 2154 1570 2306 von ihm erwartet.
765 2300 2081 2449 Gespräch Bernhardi-Frau Pfl.
759 2446 3000 2598 Anna liebt und bewundert ihren Bruder Hans sehr.
771 2592 3015 2776 Sie weiss, dass er viel mehr ist als ihr Bräuti-
779 2723 3059 2913 gam; sie ist aber sehr begeistert, dass Ihr Bräu-
785 2901 3135 3059 tigam wirklich auf die Expedition mitgeht.
785 3059 2998 3228 Prof.Bernhardi ist eigentlich dagegen. Was soll
771 3222 3044 3397 mein Sohn dort? Er nützt der Sache nichts. Meine
797 3359 3024 3538 geheime Hoffnung ist, dass er einmal von seinen
773 3514 3068 3710 Renten lebt. Er hat's ja nicht notwendig. Er ist
