3512 4184
813 575 3029 802 Johanna ist nicht die Tochter, sondern nur eine
822 744 3066 985 entfernte Verwandte, die im Hause erzogen wurde.
260 784 698 973 Chars 1903
824 870 2957 1119 Zwischen ihr und Hans eine Art Liebe, mit Ehe
177 945 781 1119 nach der (¬
842 1073 3060 1274 in Aussicht, die aus Kameradschaft, gemeinsamen
249 1102 727 1239 Verläge der
252 1231 644 1394 Uhrwust
847 1237 2582 1448 Interessen, Ansichten entstanden ist.
275 1357 744 1526 Kopelflücks,
827 1368 3077 1580 Eine jüngere Freundin der Frau Pflugfelder : in
321 1494 770 1686 G. Schravi
847 1537 3117 1755 der Nachbarschaft wohnend:. Ihr Mann ist einige
329 1632 581 1861 wohl
905 1706 3137 1886 Wochen nach der Hochzeit unheilbar erkrankt. Sie
876 1866 2384 2067 pflegt ihn seit fünfzehn Jahren.
870 2015 3003 2210 Sie hat die Einleitungsszene mit Johanna, die
876 2107 3112 2362 erklärt, dass sie nicht leiden sehen kann, sich
887 2344 3129 2522 wundert, dass Frau Anna ihren Mann nicht verlas-
890 2422 3195 2708 sen hat. Sie hat ja auch nur ein Leben, daas doch
907 2631 2490 2814 ebensoviel wert sei wie das seine.
902 2762 3029 2968 Frau Anna: sie liebe ihn wol nicht mehr, sie
910 2891 3037 3157 empöre sich wol auch zuweilen gegen das
919 3069 3092 3303 Schicksal, aber sie habe nun einmal dieses Los
927 3200 3163 3466 gezogen - Pflicht - sie hindert ihn, sich zu tö-
936 3366 3114 3607 ten. Sala hat ihr einmal vor langen Jahren von
925 3561 3054 3793 Liebe gesprochen. Sie hat ihn zurückgewiesen.
