3512 4120
2486 491 2629 620 26
642 696 2737 917 Ebenw: Meine Herren, ich nehme die unterbro-
663 938 1858 1095 chene Sitzung wieder auf.
661 979 2831 1259 Pfl: Ich heisse die Tonart meines Sohnes nicht
677 1135 2812 1394 gut, aber ich begreife ihn. Es ist eine Liebe-
733 1413 1378 1567 dienerei etc.
836 1413 2836 1715 Reich Cypria im Loeiveasten entfernen sich
841 1602 2793 1863 Ebenwil. heim Herren wir und witte ein
839 1753 2664 1979 Adler könnte sich im letste kommt anstand
863 1858 2610 2065 beutrüe - er het eine Berufung nach
359 1874 620 2009 leitdem
377 1949 723 2095 bintes ceux!
874 2028 1893 2203 Heidelben bekämen.
936 2122 1909 2319 Hier kai ich nicht mit.
946 2292 1386 2432 Wb H & C..a
