3560 4152
2729 482 2875 618 30
818 805 1967 1049 4. Prof. B., der Pfarrer.
799 864 2911 1203 Pfarrer: Ich komme, Sie um Verzeihung bitten.
810 1022 2997 1382 Ich musste. Ich habe es bereut, als ich Sie vor
883 1179 2986 1518 den Schranken sah. Aber ich konnte nicht mehr
900 1336 2997 1664 zurück. Ich weiss, mit welchem Schrecken wir
886 1458 3054 1816 oft empfangen werden. Nicht immer - vielan sind
892 1659 2911 1976 wir ein Trost. Einmal' will ich die Wahrheit
962 1764 3073 2130 sprechen. Sie werden mich nicht verraten. Ich
916 1940 3054 2274 kann nicht, wie Sie, meinen Beruf ausüben aus-
957 2241 1843 2423 serhalb des Ganzen.
965 2230 3008 2558 Bernh: Werden Sie beichten, dass Sie bei mir
808 2369 902 2436 autre
986 2520 3176 2864 Pf: Ich habe heute das erste Mal und das letzte
1016 2542 1664 2724 gewesen sind?
1014 2829 1734 3041 Mal gebeichtet.
1290 2894 2450 3179 H. Creaam'tulass is thuee
