3496 4136
866 487 2368 716 In Indien ist die schwarze Pest.
846 668 3120 857 Der junge Bernhardi will auf die Expedition mit,
851 860 3035 1052 hauptsächlich um zu zeigen, dass er auch etwas
863 1038 1064 1154 ist.
866 1100 2998 1301 Verhältnis des jungen Bernhardi zu dem jungen
843 1287 3075 1465 Pflugfelder. Neigung des jungen Bernhardi zu Ä
840 1474 1672 1644 Anna Pflugfelder.
843 1610 2317 1799 Musikabende im Hause Bernhardi.
843 1768 3081 1921 Die Frau brav, hausfräulich, ihrer Inferiorität
837 1918 2453 2096 aber auch ihrer Gütigkeit bewusst.
