3544 4152
654 645 2788 880 II. Prof.Bernhardi, seine Assistenten Dr.Karl
710 798 2827 1019 Pflugfelder und Oskar Bernhardi. Der Aspirant
668 971 2700 1186 Hochrothspointner. :dick, mit Schmissen:
654 1098 2932 1324 Karl Pfl: Es war komisch, wie Dr.Adler durchaus
832 1282 2493 1497 wollte, dass Ebenwald Recht behält.
691 1401 2892 1647 Sie sprechen von der Sektion, die eben stattge-
693 1636 1225 1808 funden hat.
693 1687 2833 1984 Adler will auch, dass Ebenwald jetzt Direktor
744 1865 2836 2128 der Poliklinik wird. Vorläufig ist Bernhardi
719 2094 1375 2284 noch Direktor.
764 2219 1452 2434 1) Elisabelhierin
716 2281 2765 2618 Bepein: Wasserin Hochortspointene (ich aber Fall drei.
266 2202 365 2479 r
778 2589 1375 2785 (zinspandre)
880 2657 1820 2864 Hoch: The Prof. Schon de! -
920 2711 2833 3082 Anzeige an der Mutter, daß er ein Telt an Freihtokkeit
1010 2810 1681 2963 «/cis 1. Walson.»
999 3127 1624 3342 ubenden Bill.
