3432 4120
1417 350 1998 564 I. A K T.
813 522 1959 734 Bei Professor Bernhardi.
821 700 2808 864 Vor Beginn der Ferien; er will auf Urlaub.
824 833 2947 1056 Szene mite seiner Frau, Szene mit seinem Sohn.
841 996 3108 1185 In der Szene mit der Frau Leerheit seines Lebens.
833 1185 2910 1327 Mässige Freude über den Sohn, der ein braver
833 1315 2458 1493 Mensch, aber ohne viel Talent ist.
841 1468 3082 1654 Er selbst ist müd. Ein Künstler als Arzt :Bill-
841 1646 1098 1815 roth:
850 1787 3029 1967 Ueber den jungen Pflugfelder, der neben seinem
855 1964 1767 2145 Sohn Assistent ist.
852 2043 3034 2278 Eifersucht der Frau Bernhardi. Sie spricht von
867 2275 2938 2450 seiner Schwärmerei für die Frau aus früherer
855 2478 1123 2600 Zeit.
875 2487 2916 2746 Abdizierungsgedanken Bernhardis. Ekel. Viel-
878 2715 3060 2873 leicht schwebt eine alberne Untersuchung gegen
892 2899 2616 3068 ihn wegen Verletzung der Standesehre.
878 3000 3079 3232 Es könnte sein, dass er einen Kollegen, der ei-
886 3139 3136 3364 nem patienten den baldigen Tod prophezeite, des-
816 3302 3068 3517 Gtouiert, oder gar zur Türe hinausgeworfen hat.
