3432 4104
637 430 2912 624 Ein Arzt wirft den Priester zur Türe hinaus, der
627 582 3022 834 nen Sterbenden versehen will. Denn dieser Sterbende
627 737 3009 1002 hält sich für gesund, ahnt nicht, dass er dem Tode
621 876 1038 1144 nah ist.
624 1225 3077 1384 Sie ahnt nicht, dass sie sterbenskrank ist. Die bra-
637 1354 3110 1584 ven Eltern, der klerikale Bruder, Offizier, der Bräu-
624 1539 3103 1749 tigam, der jüdische Arzt, der wegen schlimmer Erfahr-
617 1691 2431 1891 ungen wünscht, dass sie versehen wird.
624 1852 3161 2078 Der Priester kommt. Der Bräutigam lässt ihn nicht her-
637 2024 834 2179 ein.
569 2153 3168 2337 Die Kranke tritt aus ihrem Zimmer. Bis zu dieser Stunde
621 2302 2838 2460 hat man ihr eingeredet, sie wird gesund werden.
617 2450 2376 2667 Sie sieht den Priester. - Todesangst.
566 2719 3132 2974 Haben Sie schon einmal einen zum Tod Verurteilten gese-
604 2964 837 3136 hen?
575 3119 3136 3326 Ja, sogar einen, der unschuldig zum Tod verurteilt war.
624 3313 1817 3556 Vom Priester aus gesehen.
