3368 4152
692 590 1617 805 Hans wartet allein.
689 760 2799 916 Dr.Binz tritt ein. Er war Studienkollege von
703 910 2924 1115 Hans, sowie des jungen Bernhardi. Hat als armer
709 1092 2087 1228 Student da und dort verkehrt.
709 1220 2987 1412 Binz: Bin suspendiert, in Anklage versetzt. Ich
891 1390 2734 1585 habe eine Frau umgebracht. Gerade mich
910 1520 2955 1750 trifft's, die Grossen lässt man laufen. Ver-
899 1707 2292 1895 liere die Praxis, das Diplom.
715 1849 1875 2019 Hans: Was tust du hier?
726 1994 2944 2184 Binz: Mit Bernhardi sprechen wegen des Gutach-
930 2215 1183 2399 tens.
