<?xml version="1.0" encoding="UTF-8" standalone="yes"?>
<PcGts xmlns="http://schema.primaresearch.org/PAGE/gts/pagecontent/2013-07-15" xmlns:xsi="http://www.w3.org/2001/XMLSchema-instance" xsi:schemaLocation="http://schema.primaresearch.org/PAGE/gts/pagecontent/2013-07-15 http://schema.primaresearch.org/PAGE/gts/pagecontent/2013-07-15/pagecontent.xsd">
    <Metadata>
        <Creator>prov=READ-COOP:name=TrHtr:version=2.1.0:model_id=51170:date=24_07_2023_17:46</Creator>
        <Created>2023-05-10T13:35:18.454+02:00</Created>
        <LastChange>2023-07-24T17:46:36.328+02:00</LastChange>
        <TranskribusMetadata docId="1428583" pageId="55412752" pageNr="37" tsid="130554621" status="IN_PROGRESS" userId="64420" imgUrl="https://files.transkribus.eu/Get?id=GUJPVSIEFBWHIPLGCRDJCRQH&amp;fileType=view" xmlUrl="https://files.transkribus.eu/Get?id=KAWCBAYIBVRXLJYUBMAPJHWC" imageId="44686893"/>
    </Metadata>
    <Page imageFilename="1428583_0037.jpg" imageWidth="3448" imageHeight="4136">
        <ReadingOrder>
            <OrderedGroup id="ro_1711791238291" caption="Regions reading order">
                <RegionRefIndexed index="0" regionRef="tr_2"/>
                <RegionRefIndexed index="1" regionRef="tr_1"/>
            </OrderedGroup>
        </ReadingOrder>
        <TextRegion id="tr_2" custom="readingOrder {index:0;}">
            <Coords points="763,657 3031,657 3031,2018 763,2018"/>
            <TextLine id="tr_2_tl_1" custom="readingOrder {index:0;}">
                <Coords points="748,791 1683,810 2321,709 2842,754 2848,639 751,706"/>
                <Baseline points="763,763 793,763 838,763 883,763 928,760 972,760 1017,760 1062,757 1107,757 1151,754 1196,752 1241,752 1286,749 1330,749 1375,746 1420,749 1465,746 1509,746 1554,743 1599,746 1644,743 1689,743 1733,740 1778,740 1823,737 1868,737 1912,734 1957,734 2002,731 2047,725 2091,725 2136,722 2181,722 2226,722 2270,719 2315,719 2360,719 2405,716 2449,719 2494,713 2539,710 2584,710 2629,707 2673,710 2718,707 2763,707 2808,707 2852,707"/>
                <TextEquiv>
                    <Unicode>für seine Ueberzeugung. Er durfte so handeln,</Unicode>
                </TextEquiv>
            </TextLine>
            <TextLine id="tr_2_tl_2" custom="readingOrder {index:1;}">
                <Coords points="751,954 1629,914 2105,974 2501,878 2938,886 2943,763 754,861"/>
                <Baseline points="769,922 799,922 844,922 889,919 934,919 978,919 1023,919 1068,913 1113,916 1157,910 1202,910 1247,907 1292,907 1336,904 1381,904 1426,901 1471,901 1515,898 1560,898 1605,901 1650,898 1694,898 1739,895 1784,895 1829,892 1874,889 1918,886 1963,886 2008,883 2053,880 2097,880 2142,880 2187,877 2232,877 2276,874 2321,874 2366,874 2411,871 2455,871 2500,868 2545,865 2590,865 2634,862 2679,865 2724,862 2769,859 2814,856 2858,859 2903,856 2948,856"/>
                <TextEquiv>
                    <Unicode>weil er sie am besten, am wahrsten geliebt hat,</Unicode>
                </TextEquiv>
            </TextLine>
            <TextLine id="tr_2_tl_3" custom="readingOrder {index:2;}">
                <Coords points="754,1080 1756,1120 2001,1038 2963,1038 2966,954 757,990"/>
                <Baseline points="769,1080 775,1080 820,1077 865,1077 910,1077 954,1074 999,1071 1044,1071 1089,1068 1133,1068 1178,1065 1223,1062 1268,1065 1313,1062 1357,1062 1402,1059 1447,1056 1492,1056 1536,1056 1581,1053 1626,1050 1671,1050 1715,1047 1760,1047 1805,1044 1850,1044 1894,1044 1939,1041 1984,1041 2029,1038 2073,1035 2118,1035 2163,1035 2208,1032 2253,1029 2297,1029 2342,1029 2387,1029 2432,1026 2476,1023 2521,1020 2566,1020 2611,1020 2655,1014 2700,1014 2745,1011 2790,1011 2834,1008 2879,1005 2924,1005 2969,1005"/>
                <TextEquiv>
                    <Unicode>darum musste er ihr diesen letzten Liebesdienst</Unicode>
                </TextEquiv>
            </TextLine>
            <TextLine id="tr_2_tl_4" custom="readingOrder {index:3;}">
                <Coords points="760,1280 1322,1227 1643,1297 2153,1221 2282,1280 2428,1179 2915,1185 2977,1080 763,1187"/>
                <Baseline points="778,1232 787,1232 832,1232 877,1229 922,1229 966,1226 1011,1226 1056,1226 1101,1223 1145,1220 1190,1223 1235,1220 1280,1217 1324,1217 1369,1217 1414,1214 1459,1211 1504,1211 1548,1211 1593,1208 1638,1208 1683,1205 1727,1202 1772,1202 1817,1196 1862,1196 1906,1196 1951,1196 1996,1193 2041,1190 2085,1187 2130,1187 2175,1187 2220,1184 2264,1184 2309,1181 2354,1181 2399,1178 2444,1178 2488,1175 2533,1172 2578,1172 2623,1169 2667,1166 2712,1166 2757,1163 2802,1163 2846,1163 2891,1160 2936,1157 2981,1148"/>
                <TextEquiv>
                    <Unicode>erweisen. Wie, wenn Einer an seiner Ehre unheil</Unicode>
                </TextEquiv>
            </TextLine>
            <TextLine id="tr_2_tl_5" custom="readingOrder {index:4;}">
                <Coords points="765,1424 2898,1359 3022,1342 3028,1249 768,1325"/>
                <Baseline points="781,1387 793,1384 838,1381 883,1381 928,1381 972,1378 1017,1378 1062,1378 1107,1375 1151,1372 1196,1375 1241,1369 1286,1369 1330,1369 1375,1369 1420,1366 1465,1363 1509,1363 1554,1360 1599,1360 1644,1360 1689,1360 1733,1354 1778,1354 1823,1351 1868,1351 1912,1348 1957,1345 2002,1345 2047,1342 2091,1342 2136,1339 2181,1339 2226,1336 2270,1333 2315,1330 2360,1330 2405,1327 2449,1327 2494,1327 2539,1327 2584,1324 2629,1324 2673,1324 2718,1324 2763,1321 2808,1318 2852,1316 2897,1313 2942,1313 2987,1313 3031,1310"/>
                <TextEquiv>
                    <Unicode>bar erkrankt ist, drückt Ihr ihm den Revolver in</Unicode>
                </TextEquiv>
            </TextLine>
            <TextLine id="tr_2_tl_6" custom="readingOrder {index:5;}">
                <Coords points="774,1573 2746,1514 2887,1500 2890,1387 1415,1474 777,1432"/>
                <Baseline points="790,1542 835,1542 880,1539 925,1539 969,1539 1014,1536 1059,1533 1104,1533 1148,1530 1193,1527 1238,1527 1283,1524 1327,1524 1372,1521 1417,1521 1462,1521 1506,1518 1551,1518 1596,1515 1641,1512 1686,1512 1730,1512 1775,1506 1820,1506 1865,1504 1909,1504 1954,1501 1999,1501 2044,1498 2088,1501 2133,1498 2178,1495 2223,1492 2267,1492 2312,1489 2357,1489 2402,1486 2446,1483 2491,1483 2536,1480 2581,1480 2626,1477 2670,1477 2715,1477 2760,1474 2805,1471 2849,1471 2894,1471"/>
                <TextEquiv>
                    <Unicode>die Hand. Besser der Tod als die Schande. Das</Unicode>
                </TextEquiv>
            </TextLine>
            <TextLine id="tr_2_tl_7" custom="readingOrder {index:6;}">
                <Coords points="774,1739 2614,1683 3002,1646 3005,1576 779,1629"/>
                <Baseline points="793,1697 817,1694 862,1694 907,1692 951,1692 996,1689 1041,1689 1086,1686 1130,1686 1175,1686 1220,1683 1265,1683 1310,1680 1354,1677 1399,1677 1444,1677 1489,1677 1533,1674 1578,1674 1623,1674 1668,1671 1712,1665 1757,1665 1802,1665 1847,1662 1891,1662 1936,1656 1981,1656 2026,1653 2070,1653 2115,1650 2160,1650 2205,1647 2250,1647 2294,1644 2339,1641 2384,1638 2429,1638 2473,1635 2518,1632 2563,1632 2608,1632 2652,1632 2697,1629 2742,1629 2787,1626 2831,1623 2876,1620 2921,1617 2966,1614 3010,1611"/>
                <TextEquiv>
                    <Unicode>bewundert Ihr, das gebt Ihr zu, dass ist ein Lie-</Unicode>
                </TextEquiv>
            </TextLine>
            <TextLine id="tr_2_tl_8" custom="readingOrder {index:7;}">
                <Coords points="777,1905 1896,1913 2797,1781 2907,1835 2983,1820 2985,1683 1680,1775 1306,1722 1044,1798 782,1742"/>
                <Baseline points="796,1853 841,1850 886,1850 931,1850 975,1847 1020,1847 1065,1844 1110,1844 1154,1841 1199,1841 1244,1841 1289,1841 1333,1835 1378,1835 1423,1832 1468,1829 1512,1829 1557,1826 1602,1826 1647,1823 1692,1823 1736,1820 1781,1820 1826,1817 1871,1814 1915,1811 1960,1811 2005,1808 2050,1808 2094,1808 2139,1808 2184,1805 2229,1802 2273,1799 2318,1799 2363,1796 2408,1793 2452,1793 2497,1790 2542,1790 2587,1787 2632,1787 2676,1784 2721,1784 2766,1781 2811,1781 2855,1778 2900,1778 2945,1775 2990,1772"/>
                <TextEquiv>
                    <Unicode>besbeweis. Warum denn nicht auch besser der Tod</Unicode>
                </TextEquiv>
            </TextLine>
            <TextLine id="tr_2_tl_9" custom="readingOrder {index:8;}">
                <Coords points="777,2015 957,2046 1621,1998 1702,2032 1849,1981 1936,2023 1964,1902 779,1958"/>
                <Baseline points="796,2008 805,2008 850,2008 895,2008 940,2005 984,2002 1029,2002 1074,1999 1119,1999 1163,1996 1208,1996 1253,1996 1298,1993 1342,1990 1387,1990 1432,1987 1477,1984 1521,1981 1566,1978 1611,1981 1656,1978 1700,1975 1745,1975 1790,1972 1835,1972 1880,1969 1924,1966 1969,1963"/>
                <TextEquiv>
                    <Unicode>als entsetzliches Leiden?</Unicode>
                </TextEquiv>
            </TextLine>
        </TextRegion>
        <TextRegion id="tr_1" custom="readingOrder {index:1;}">
            <Coords points="802,2029 3034,2029 3034,3217 802,3217"/>
            <TextLine id="tr_1_tl_1" custom="readingOrder {index:0;}">
                <Coords points="785,2186 3005,2141 3011,1995 791,2091"/>
                <Baseline points="802,2169 823,2169 868,2166 913,2163 957,2163 1002,2160 1047,2160 1092,2157 1136,2154 1181,2154 1226,2151 1271,2148 1316,2148 1360,2145 1405,2145 1450,2145 1495,2142 1539,2139 1584,2136 1629,2133 1674,2133 1718,2130 1763,2130 1808,2127 1853,2127 1897,2124 1942,2124 1987,2121 2032,2118 2076,2118 2121,2115 2166,2112 2211,2109 2256,2109 2300,2109 2345,2106 2390,2106 2435,2103 2479,2103 2524,2100 2569,2097 2614,2097 2658,2097 2703,2094 2748,2091 2793,2091 2837,2088 2882,2085 2927,2085 2972,2082 3016,2079"/>
                <TextEquiv>
                    <Unicode>Ergeht fort, für Sala, nach Asien. Nicht um den</Unicode>
                </TextEquiv>
            </TextLine>
            <TextLine id="tr_1_tl_2" custom="readingOrder {index:1;}">
                <Coords points="796,2341 2746,2293 2966,2259 2969,2183 1137,2265 802,2212"/>
                <Baseline points="811,2318 820,2318 865,2318 910,2315 954,2315 999,2312 1044,2312 1089,2309 1133,2309 1178,2306 1223,2306 1268,2303 1313,2300 1357,2300 1402,2297 1447,2294 1492,2291 1536,2291 1581,2291 1626,2288 1671,2288 1715,2285 1760,2285 1805,2282 1850,2279 1894,2279 1939,2279 1984,2273 2029,2273 2073,2273 2118,2270 2163,2267 2208,2267 2253,2264 2297,2264 2342,2261 2387,2261 2432,2258 2476,2256 2521,2256 2566,2253 2611,2250 2655,2247 2700,2247 2745,2244 2790,2241 2834,2241 2879,2241 2924,2238 2969,2241"/>
                <TextEquiv>
                    <Unicode>Tod zu suchen, nicht uim zu büssen, nur um den</Unicode>
                </TextEquiv>
            </TextLine>
            <TextLine id="tr_1_tl_3" custom="readingOrder {index:2;}">
                <Coords points="796,2510 2183,2493 2532,2409 2825,2479 3019,2456 3025,2319 799,2414"/>
                <Baseline points="814,2473 832,2473 877,2470 922,2470 966,2467 1011,2467 1056,2464 1101,2461 1145,2461 1190,2458 1235,2455 1280,2455 1324,2455 1369,2452 1414,2449 1459,2449 1504,2446 1548,2446 1593,2444 1638,2441 1683,2441 1727,2438 1772,2438 1817,2435 1862,2435 1906,2432 1951,2429 1996,2429 2041,2426 2085,2426 2130,2426 2175,2423 2220,2420 2264,2420 2309,2417 2354,2414 2399,2414 2444,2411 2488,2408 2533,2408 2578,2405 2623,2405 2667,2402 2712,2396 2757,2399 2802,2396 2846,2399 2891,2393 2936,2390 2981,2390 3025,2387"/>
                <TextEquiv>
                    <Unicode>Personen, die seinen Anblick nicht ertragen kön-</Unicode>
                </TextEquiv>
            </TextLine>
            <TextLine id="tr_1_tl_4" custom="readingOrder {index:3;}">
                <Coords points="808,2636 3025,2586 3028,2501 808,2572"/>
                <Baseline points="823,2626 841,2626 886,2626 931,2626 975,2623 1020,2623 1065,2620 1110,2620 1154,2617 1199,2614 1244,2611 1289,2611 1333,2608 1378,2605 1423,2605 1468,2602 1512,2602 1557,2602 1602,2602 1647,2602 1692,2599 1736,2596 1781,2596 1826,2593 1871,2590 1915,2590 1960,2590 2005,2587 2050,2584 2094,2578 2139,2578 2184,2575 2229,2575 2273,2572 2318,2569 2363,2569 2408,2566 2452,2566 2497,2563 2542,2563 2587,2560 2632,2560 2676,2557 2721,2557 2766,2554 2811,2554 2855,2551 2900,2548 2945,2545 2990,2542 3034,2542"/>
                <TextEquiv>
                    <Unicode>nen, aus dem Wege zu gehen. Und wenn er doch zu-</Unicode>
                </TextEquiv>
            </TextLine>
            <TextLine id="tr_1_tl_5" custom="readingOrder {index:4;}">
                <Coords points="855,2800 2324,2797 2496,2721 2839,2738 2907,2653 858,2718"/>
                <Baseline points="871,2781 901,2781 945,2781 990,2778 1035,2778 1080,2775 1125,2772 1169,2769 1214,2769 1259,2766 1304,2763 1348,2760 1393,2760 1438,2760 1483,2760 1527,2760 1572,2757 1617,2754 1662,2754 1706,2751 1751,2751 1796,2748 1841,2748 1885,2748 1930,2745 1975,2742 2020,2739 2065,2736 2109,2736 2154,2733 2199,2733 2244,2730 2288,2727 2333,2724 2378,2721 2423,2721 2467,2721 2512,2718 2557,2715 2602,2715 2646,2715 2691,2715 2736,2712 2781,2712 2825,2706 2870,2706 2915,2697"/>
                <TextEquiv>
                    <Unicode>rückkommt - und er wird sich tapfer wehren -</Unicode>
                </TextEquiv>
            </TextLine>
            <TextLine id="tr_1_tl_6" custom="readingOrder {index:5;}">
                <Coords points="813,2963 2952,2921 2985,2808 816,2881"/>
                <Baseline points="832,2936 841,2936 886,2936 931,2936 975,2933 1020,2933 1065,2933 1110,2930 1154,2924 1199,2924 1244,2924 1289,2921 1333,2918 1378,2918 1423,2915 1468,2915 1512,2909 1557,2909 1602,2909 1647,2906 1692,2906 1736,2906 1781,2903 1826,2903 1871,2903 1915,2900 1960,2897 2005,2897 2050,2894 2094,2891 2139,2888 2184,2888 2229,2888 2273,2885 2318,2882 2363,2882 2408,2879 2452,2879 2497,2876 2542,2873 2587,2873 2632,2870 2676,2867 2721,2867 2766,2864 2811,2864 2855,2861 2900,2858 2945,2858 2990,2861"/>
                <TextEquiv>
                    <Unicode>wird ihm sein Vater vielleicht doch wieder die</Unicode>
                </TextEquiv>
            </TextLine>
            <TextLine id="tr_1_tl_7" custom="readingOrder {index:6;}">
                <Coords points="816,3160 943,3101 1050,3135 1151,3098 1362,3118 1415,3081 1609,3137 1669,3089 1773,3084 1775,3011 1491,2988 1306,3025 1207,3002 1156,3036 822,3036"/>
                <Baseline points="835,3097 838,3094 883,3094 928,3091 972,3091 1017,3088 1062,3088 1107,3085 1151,3085 1196,3082 1241,3079 1286,3079 1330,3076 1375,3076 1420,3073 1465,3070 1509,3070 1554,3067 1599,3067 1644,3067 1689,3064 1733,3067 1778,3067"/>
                <TextEquiv>
                    <Unicode>Hand drücken können.</Unicode>
                </TextEquiv>
            </TextLine>
            <TextLine id="tr_1_tl_8" custom="readingOrder {index:7;}">
                <Coords points="1891,3239 2065,3233 2178,3298 2349,3298 2459,3230 2577,3239 2639,3289 2788,3275 2791,3106 2698,3078 2636,3115 2487,3053 2448,3092 2107,3092 1978,3157 1894,3126"/>
                <Baseline points="1906,3207 1945,3204 1990,3204 2035,3204 2079,3204 2124,3204 2169,3201 2214,3198 2258,3196 2303,3196 2348,3196 2393,3193 2438,3193 2482,3190 2527,3190 2572,3187 2617,3187 2661,3184 2706,3187 2751,3184 2796,3184"/>
                <TextEquiv>
                    <Unicode>Gustav Schwarzkopf.</Unicode>
                </TextEquiv>
            </TextLine>
        </TextRegion>
    </Page>
</PcGts>
