3432 4104
759 487 3106 803 ärztlichen Verantwortung dem Priester den Ein
765 689 2954 922 tritt in das Krankenzimmer. Indess hat die
782 817 3000 1118 eifrige krankenschwester der patientin Mit.
785 984 2884 1273 teilung von dem Erscheinen des Priesters
776 1141 2980 1395 die Patentin verständigt,die nun nicht so
771 1308 2890 1532 ahnungslos dahinscheidet,als es in ihres
788 1448 2466 1707 Arztes Intentionen gelegen war.
1106 1582 2995 1798 Die Haltung Bernhardis wird von sei-
791 1763 3003 2049 nen Gegnern in faktiöser Weise ausgenützt,
803 1888 3018 2169 auch von seinen Freunden nur mit vielfachem
811 2058 3073 2320 Vorbehalt gut geheissen und der weitere Ver¬
814 2227 2974 2475 lauf der Angelegenheit Das Kuratorium, auf
817 2358 3076 2644 dessen wohltätiges Wirken das Elisabethinum
826 2510 2951 2790 ideell und materiell in hohem Masse ange.
846 2671 3076 2948 wiesen ist, droht zu demissionieren. Eine In-
835 2852 2995 3094 terpellation im Parlament ist in Aussicht
1544 3003 1687 3108 des
852 2983 3036 3275 und Bernhardi,An schwerer Sorge um das In-
849 3155 3062 3389 stitut, das er begründet hat,und keineswegs
855 3301 3047 3610 geneigt den Helden zu spielen oder sich in
