3448 4168
282 324 378 492 1
2097 421 2179 600 2
677 575 2780 797 Dann die Szenenführung wie bisher. Prof.Bern-
691 728 2865 922 hardi, das Gespräch des Hans mit ihm. Nur müss-
708 910 2865 1101 ten die Schrecken, die der erkrankten Frau har-
697 1004 2819 1238 ren, in der Unterredung mit Bernhardi stärker
717 1178 2922 1371 betont werden, ebenso wie das ganz ungewöhnlich
725 1337 2930 1545 innige Verhältnis zwischen Mutter und Sohn, das
725 1474 2939 1698 die scherzhaft geäusserte und ernst gemeinte Ei-
723 1664 2515 1858 fersucht des Vaters hervorgerufen hat.
762 1997 1141 2182 II. Akt.
751 2105 3007 2316 Unmittelbar nach dem Begräbnis. Man erfährt, wie
757 2267 2316 2504 die Frau einigen Wochen gelitten.
760 2441 1900 2660 Der Mann ganz gebrochen.
777 2580 3064 2797 Johanna zu ihrer Ueberraschung tiefer erschüttert
780 2782 950 2868 als
785 2797 1539 2976 almasie glaubte.
777 2905 2976 3132 Hans in tiefstem Schmerz, aber gefasst, nur ir-
791 3036 2993 3249 ritiert von dem wortreichen Schmerz der Andern.
805 3215 2919 3448 Verwundert, dass Niemand ausspricht, das der
851 3343 3058 3576 schnelle Ausgang doch eigentlich noch ein Glück
811 3579 1033 3764 sei.
