3496 4120
963 677 2707 941 8. Hochr., die Wärterin kommt zurück.
1012 865 3116 1102 Wärterin: Der Pfarrer kommt, so bald er kann.
974 1157 3111 1394 Oskar kommt: Mein Vater lässt Sie bitten, dass
1113 1307 3133 1555 Sie diese und diese Krankengeschichte nicht
1168 1539 1662 1727 vergessen.
963 1648 3138 1798 Hochr: Merkwürdig, Sie sind immer nur der Kom-
1122 1804 2958 2027 missionär! Alles der junge Pflugfelder!
993 1916 3007 2153 Oskar: Mein Papa ist sehr gerecht.. Blich in
1075 2090 1427 2248 bezubhe.
996 2213 3081 2491 Prof.Cyprian kommt ; er frägt nach Bernhardi,
1010 2358 3206 2661 hält irgend einen Vortrag über etwas, was nicht
1045 2535 2268 2753 hierher gehört. (Blda.)
1018 2824 2729 3043 Bernhardi u.Karl Pflugfelder kommen.
