3368 4152
689 596 1705 789 Prof.Bernhardi, Hans.
694 763 2789 942 Hans: Meine Mutter ist hier. Ich will Ihnen
881 924 2932 1053 nicht sagen, was ich vermute. Ich habe eine
884 1056 2879 1232 Bef체rchtung. Ich bitte Sie, um eine genaue
892 1245 1525 1396 Untersuchung.
710 1372 2652 1533 Pflugfelder und Frau kommt. - Begr체ssung.
728 1517 2850 1691 Vielleicht tritt auch Frau Bernhardi in K체rze
726 1744 926 1866 auf.
723 1810 2810 1998 Die Ordination ist jedenfalls schon zu Ende.
720 1995 1509 2201 N채he der Ferien.
926 2177 2129 2375 kann die Ihr Entlassung anheim.
