3480 4168
2390 455 2525 601 12
1256 565 1946 781 III. Akt.
798 750 2247 949 Spielt nach dem Tod der Mutter.
795 927 1834 1115 Rasch ist es gekommen.
798 1090 1758 1272 Der Anatom und Hans.
803 1309 1764 1447 Der Anatom und Anna.
806 1359 2887 1587 Anna ist jetzt verzweifelt darüber, dass der
829 1545 2233 1730 junge Bernhardi weggehen soll.
820 1688 2899 1873 Anatum und Bernhardi. Kein Zweifel, ich habe
826 1837 3022 2022 meine Versuche gemacht: es ist eine Vergiftung.
829 1983 3087 2202 Binz tritt auf. Der alte Pflugfelder hat ihm das
843 2174 3003 2326 Genick gebrochen. Er hat sein Diplom verloren.
843 2331 3090 2503 Der alte Pflugfelder glaubt, dass seine Frau ei-
854 2480 2503 2649 nes natürlichen Tods gestorben ist.
865 2612 3062 2817 Aus der Empfindung heraus, einstehen zu müssen,
871 2828 1961 2994 sagt Hans die Wahrheit.
876 2938 3132 3121 Nachricht, dass die drei Aerzte in Bombay gestor¬
876 3059 3033 3300 ben sind, welche die englische Regierung hinge
888 3303 1480 3444 schickt hat,
888 3385 2309 3587 Hans erbittet sich hinzugehen.
890 3573 2682 3786 Der alte Pfl. ist damit einverstanden.
