3432 4104
743 845 3022 1054 In einem Saal des Krankeninstitates Elisabe.
748 1003 2905 1242 thinum liegt xxx sterbend ein junges Mäd-
743 1103 2853 1365 chen. In den letzten Lebensstunden tritt
751 1277 2805 1500 wie es bei Krankheitsfällen solcher Art
743 1445 2976 1651 sich zuweilen ereignet (es handelt sich um
748 1611 2970 1797 Blutvergiftung) völliges Wohlbefinden ein.
765 1765 3022 1957 Eben wie Professor Bernhardi, der Leiter der
760 1882 3059 2136 Abteilung und zugle ich Direktor des Elisabe
771 2025 3036 2276 thinums die Kranke verlässt,begegnet er vor
765 2216 3065 2402 der Türe des Krankenzimmers dem Priester, der
777 2365 2848 2579 erschienen ist,um die Sterbendenmit dem
771 2499 2939 2756 Sakrament der letzten Oelung zu versehen.
777 2682 2899 2893 Bernhardi erkennt es als seine ärztliche
788 2845 3045 3005 Pflicht die ahnungslose Kranke,die sich ge-
791 2976 3010 3230 nesen glaubt, aus diesem letzten Wahn nicht
811 3133 3016 3365 aufstören zu lassen und nach einer ruhigen
803 3293 3008 3533 allmählich sich steigernden Ton gehaltener
817 3422 3025 3736 Unterredung untersagt er im Gefühle seiner
