3464 4120
770 731 2963 982 6. Dr.Adler kommt, während die Wärterin noch
764 990 2985 1101 ist. Er ist sehr einverstanden, dass sie um den
2414 1070 3139 1269 Neulis, bericht.
770 1145 2378 1280 Priester geht, äussert sich fromm.
2745 1178 2966 1302 sait.
775 1255 2913 1470 Will die Krankengeschichte lesen von dem Fall,
822 1476 2160 1589 den sie jetzt seziert haben.
778 1564 2861 1735 Hochr: Werden Herr Dozent für Hell stimmen?
775 1688 2803 1857 Adler: Ja, natürlich. Sie wissen ja, lieber
894 1835 2855 2025 Kollege, ich bin selbst jüdischer Abstam-
913 1981 2985 2171 mung, aber ich bin dafür, dass - wenn irgend
966 2135 2877 2323 möglich - in einem christlichen Staat in
930 2290 2949 2488 jedem Institut die Mehrzahl der Funktionäre
943 2541 2348 2626 Christen sind. Und bei uns....
786 2582 2919 2808 Hochr: Aufrichtig: mich graust vor den Juden!
844 2759 2767 2955 Adler: :süssauer: Es giebt Ausnahmen.
