3528 4136
2764 580 2898 734 29
769 858 1590 1036 3. Bernh., Flint.
775 1009 2024 1223 Bernh: Du hast die Stirn!
785 1169 2831 1349 Flint: Du hättest an meiner Stelle nicht an¬
788 1336 1511 1503 ders gehandelt.
826 1468 2831 1611 Ich habe dich geopfert - ja. Dafür bekomme
799 1617 2958 1751 ich eine Million für den Bau des neuen physio-
842 1787 1814 1919 logischen Instituts.
804 1905 2977 2086 Und hättest du mir nicht gesagt, dass Anna die
845 2035 2817 2226 Tochter der Frau Rinshofer - wer weiss.
820 2216 2974 2378 Und dein Sohn bekommt die Professur. Damit ihr
861 2340 2836 2513 nicht glaubt, es ist alles Antisemitismus.
915 2488 1679 2607 Er verdert sie ja nicht
858 2542 2858 2685 Nun denke du über mich, wie du willst: ich
820 2672 2947 2853 weiss, dass ich recht gehandelt habe. Auf den
823 2782 2561 2998 hohen Standpunkt kommt es an. Politik
845 2909 2699 3152 vous jetit avoir des lui feuilles jusquis le
623 3001 739 3190 11
831 3068 2799 3317 kleines, dass die seligen Sich
823 3201 2799 3425 belegen wolltest. Da die aber in Chlar
842 3349 2461 3533 indem als Teigheit hette ausgelegt
866 3506 1668 3676 werden können.
934 3514 2610 3732 wie de das Stück - überlassen
1239 3649 2828 3846 ... In tallest Cemett. 2 an erreiche
1096 3740 1568 3902 de sauis.
