3496 4104
770 690 2908 861 7. Prof. Altmann kommt dazu; sieht aus wie ein
773 858 2668 1047 Börseaner; witzelnd, frech, unterwürfig:
821 1063 2865 1237 Prof.Altmann: Servus Adler. Letzte Tage von
1322 1207 1623 1380 - wie?
914 1199 1298 1367 Pompeji
903 1306 2833 1543 Ich wollte mit Bernhardi sprechen, wegen
959 1495 1237 1679 Hell.
823 1636 2772 1815 :Der andere Kandidat ist Altmanns eigener
815 1794 2820 1953 Assistent Weigert, den Altmann unterdrückt
781 1932 2825 2108 weil er ihm gefährlich wäre. Weigert hat
831 2100 2766 2252 für Altmann die meisten Arbeiten gemacht.
773 2212 2780 2428 Hochr: xxx Sind Herr Prof. auch Antisemit?
800 2377 2947 2617 Altmann: Es giebt keinen Antisemitsmus. Ich
925 2540 2974 2740 hab' nie was davon gespürt. Vorgestern erst
941 2702 2846 2868 war ich beim Grafen X. zur Jagd geladen.
805 2881 1945 3065 Ueber die Chancen Hells.
837 3054 1903 3235 Altmann u.Adler gehen.
