3448 4184
2512 401 2600 589 2
743 558 2882 708 Hans: bringt aufklärung und erklärt, er hatte
745 703 2780 873 das Recht, seine Mutter zu töten. Den Vater
754 936 2555 1104 schaudert, er will ihn nie mehr sehen.
751 1155 2990 1368 III.Akt. - 1.Joh.-Sala. Joh.graut vor ihrem Bru-
757 1349 3024 1491 der, sie will in die Welt, ins Licht. Sala fasst
765 1511 3047 1704 Verdacht, als er ihr den Antrag macht, seine Frau
757 1696 2370 1792 zu werden und sie so eilig flieht.
751 1809 3033 1972 2.Sala-Hans. Hans: Ich will mit Ihnen auf die Ex-
771 1986 1195 2117 pedition.
757 2137 2831 2299 Sala: Ich bin verpfl ichtet, Ihnen zu sagen,
757 2285 2410 2450 dass Ihre Schwester meine Geliebte.
754 2410 3010 2560 Hans: Wir werden nicht unter einem Zelte schla-
751 2606 973 2757 fen.
754 2697 2933 2919 3. Der Vater. Joh. ist fort. Sie schreibt, dass
768 2908 1807 3061 sie nicht wiederkommt.
748 3073 1926 3209 Hans: So bleib' ich hier.
771 3215 2925 3388 Vater: Nein, vielleicht Schicksal, Gott. Aber
754 3383 1019 3531 gehe.
748 3531 2896 3687 Hans: Nein, will nichts biissen. Fort mit dem
765 3704 1053 3846 Vater.
