3528 4104
2854 630 2985 800 15
960 758 2062 1057 2. Dr. Löwenstein kommt
960 994 2977 1182 Löwenst: Es soll eine Interpellation einge-
977 1134 3162 1339 bracht werden. Wahrscheinlich Ebenwalds Vetter,
1020 1319 2478 1504 der bekannte Antisemitenführer.
969 1464 3262 1647 Es geht von Hochr. aus, nicht vom Pfarrer selbst.
1017 1612 2957 1826 - Der Sache sollte doch vorgebeugt werden.
989 1900 2738 2168 Cyprian dazu:vieleicht ein Anderer:
989 2037 3174 2265 Das ganze Institut ist gefährdet. Im Präsidium
997 2185 3079 2410 des Kuratoriums sitzt ein Bischof; der Präsi
1008 2390 2097 2601 dent ist ein Erzherzog.
1014 2473 3045 2726 Bern.soll revozieren. Er soll eine ausseror-
1017 2706 3094 2903 dentl. Versammlung einberufen, in der er sich
1014 2772 3191 3028 mit dem Zustand seiner Aufregung entschuldigen
1040 2966 3185 3179 soll. Er ist das dem Institut schuldig, das er
1034 3182 2037 3364 selbst gegründet hat.
1043 3279 2325 3518 Bern.will sich’s überlegen.
1410 3464 1883 3658 vita dale
1493 3604 2276 3786 Aan der Acht darinn
