3339 4184
677 916 2956 1096 In einem Saal des Krankeninstitates Elisabe
672 1045 2830 1271 thinum liegt xxx sterbend ein junges Mäd-
666 1220 2778 1438 chen. In den letzten Lebensstunden tritt
660 1392 2726 1544 wie es bei Krankheitsfällen solcher Art
666 1490 2890 1711 sich zuweilen ereignet (es handelt sich um
654 1705 2867 1840 Blutvergiftung) völliges Wohlbefinden ein.
660 1857 2942 1995 Eben wie Professor Bernhardi, der Leiter der
649 1989 2956 2173 Abteilung und zugleich Direktor des Elisabe
657 2141 2927 2310 thinums die Kranke verlässt,begegnet er vor
660 2322 2959 2477 der Türe des Krankenzimmers dem Priester, der
663 2465 2747 2620 erschienen ist, um die Sterbende mit dem
646 2594 2813 2793 Sakrament der letzten Oelung zu versehen.
654 2747 2770 2959 Bernhardi erkennt es als seine ärztliche
646 2936 2890 3117 Pflicht die ahnungslose Kranke,die sich ge-
640 3071 2879 3252 nesen glaubt, aus diesem letzten Wahn nicht
2402 3197 2488 3303 id
643 3209 2893 3418 aufstören zu lassen und nach einer ruhigem
649 3375 2870 3579 allmählich sich steigernden Ton gehaltener
640 3533 2870 3757 Unterredung untersagt er im Gefühle seiner
