3480 4104
2617 341 2968 503 23/X.04
935 548 1910 770 .Akt zum Aerztestück
901 731 1462 935 Krankenhaus.
854 776 2743 1098 Ein junges Mädchen soll versehen werden.
912 972 2958 1231 Die antisemitischen deutseh-natienalen Aspi-
933 1161 3039 1399 ranten, die sich über Bernhardi lustig maehen
951 1315 2942 1556 Der streberische getaufte Sehn Bernhardis.
985 1465 2961 1724 Das Mädchen schwerkrank, fühlt sich jetzt
941 1619 2963 1881 wehler, glaubt, gesund zu werden, Bernhardi
901 1816 1527 2028 bestärkt sie.
909 1900 3005 2188 Dem Geistlichen verweigert Bernhardi den Ein-
935 2177 1210 2361 tritt.
962 2251 3050 2507 Der Sohn: Papa, gerade du als Juds solltest
985 2460 1745 2670 vorsichtig sein.
969 2560 3042 2811 B: Du könntest dir das sehen eher erlauben.
982 2759 2683 2989 Das Mädchen stirbt ruhig, glücklich.
993 2927 2230 3086 Der Geistliche, Bernhardi.
964 3042 2979 3241 B: Bitte, jetzt ist der Eintritt frei. Sie
1017 3228 2067 3424 ist selig entsehlafen.
1022 3364 2214 3579 Die Familie des Määchens.
1032 3495 2759 3757 Man benützt die Sache zu einer Hetze.
