3464 4104
635 754 2120 1012 III. Prof.Ebenwald kommt herauf,
632 946 2913 1151 Ebenw: falsche Gemütlichkeit: Ich hatte unten
796 1071 2896 1281 bei der Sektion ganz vergessen: eben hab' ich
785 1207 2851 1468 von Hell aus Graz einen Brief, er würde die
833 1406 1709 1612 Berufung annehmen.
700 1570 2905 1777 :Der Abteilungschef Altmann ist nach Berlin be-
660 1709 2930 1935 rufen oder ins allg.Krankenhaus. Es handelt sich
2205 1890 2298 1989 G.P.
672 1822 2148 2074 um die Besetzung seiner Stelle:
714 1995 2947 2230 Bernhardi: Lieber Kollege, Personalfragen erle-
822 2176 2570 2361 dige ich im zehn in der Kanzlei - ja?
683 2312 1714 2550 Ebenw. :geht wieder:
791 2601 2871 2817 Pflugf: Hell soll ein Idiot sein. Man weiss
904 2737 2950 2964 weiter nichts Gutes von ihm, als dass er ka-
859 2888 2905 3148 tholisch ist - nur weiss man noch nicht, ob
2610 2978 3120 3219 Witsen!
1714 3041 2539 3196 Marine M Altmann
1737 3126 2610 3284 Weil es ihn geheblich ist
859 3086 1604 3290 das gut ist.
737 3165 2939 3469 Bernh: Nun will ich einmal nach der armen Per-
893 3435 1882 3602 son da drinnen sehen.
