3448 4152
2807 574 2942 764 23
852 797 2065 1015 :Bewegung. - Diskussion.
758 971 2868 1175 Nie dagewesener Fall. Während der Diskussion
764 1128 2984 1324 kann weder Bernh. noch Ebenw. präsidieren, also
758 1282 2970 1442 Altmann als Alterspräsident. Per acclamationem.
767 1415 2851 1643 Altmann: Ich stelle es Herrn Prof.B. anheim,
813 1613 1690 1787 sich zu entfernen.
783 1757 2675 1936 Bernh: So leicht mach' ich’s euch nicht!
811 1864 1188 1974 Ihr laut hebt.
642 1850 775 2043 men
816 1886 2906 2109 Adler: Ich als von Juden abstammend bin für
783 2018 2454 2267 Suspendierung. 11tabe Gelegenheit gehabt
780 2187 2898 2440 Löwenst: Wir haben uns nicht um interne Ange-
797 2394 1900 2587 legenheiten zu kümmern.
791 2504 2942 2744 Fielitz: Rein praktische Erwägungen. Die Exis-
800 2631 2893 2890 tenz unseres Institutes steht auf dem Spiel.
808 2799 2909 3036 Seine Hoheit würde die Hand von unserm Insti
808 3022 1456 3201 tut abziehen.
808 3099 2984 3331 Altm: :biedermännisch: Ich bitte Herrn Prof.
869 3306 1729 3505 B. freiwillig etc.
836 3422 2973 3717 Cyprian: spricht über die Entstehung der Reli
