3496 4152
661 633 1049 813 III.Akt.
642 790 1562 984 Einige Tage später.
650 884 2854 1121 Hans, Johanna. Auch sie wendet sich von ihm ab,
667 1083 2774 1255 sie empfindet Grauen in seiner Nähe. Er erin-
670 1263 2840 1426 nert sie, wie stark sie sich gegeben, dass sie
681 1437 1811 1591 seine Ansichten geteilt.
681 1557 2786 1708 Sie sagt, sie sei eben nur ein ganz gewöhnli-
690 1696 2868 1879 ches Weib, ihre Geistesstärke war nur Anempfin-
690 1836 2769 2010 dung, nur der Wunsch, ihm zu gefallen. Jetzt
690 2007 2920 2176 kann sie’s garnicht denken, dass sie ihm angehö-
701 2230 1237 2372 ren könnte.
696 2310 2954 2495 Es kommt die Nachricht, dass Frau Anna’s Mann ge
710 2501 2925 2640 storben sei. Sie kommt vielleicht selbst und er
719 2603 3011 2800 zählt, dass er in schmerzfreien Stunden doch noch
724 2803 2697 2985 gern gelebt habe. Ob er die nicht beneide?
721 2974 1905 3131 Dann ein paar Füllszenen.
719 3094 2894 3276 Etwa Sala : auch Arzt:, der seine Reise aufge-
776 3268 2575 3422 ben will, um Anna zur Seite zu stehen.
736 3424 2877 3573 Schlussszene zwischen Vater und Sohn. Hans be-
747 3564 2911 3772 reut nicht, fühlt sich nicht schuldig, spricht
