3464 4184
1253 437 1825 598 Verurteilte.
831 586 3015 753 I.Akt. - 1.Johanna-Sala. Düsterkeit des Hauses.
270 675 756 937 März 1903
822 756 2980 925 2. Bernhardi-Hans über den Zustand der Mutter.
819 865 3038 1072 3. Bernhardi-Hans-der alte Oplugfelder. Nein, es
822 1083 2859 1216 kann nicht sein, dass meine Frau stirbt. Es
810 1204 1486 1388 giebt Wunder.
822 1331 2885 1526 4. Frau Pfl. dazu. Angst um die Tochter. Ge-
831 1497 2928 1681 spräch über alte Zeiten. Lebenssehnsucht. Er-
822 1664 1267 1848 bl indung.
828 1951 2940 2141 II.Akt. - Nach dem Begräbnis. 1.Johanna-Hans.
819 2155 3095 2308 Hans warnt Joh.vor Sala. Bleibe beim Vater. Sie
819 2282 2239 2460 hat te Grauen vor ihrer Mutter.
819 2446 3015 2601 2. Joh.-Hans-Sala. Gefahren der Expedition. Ob
825 2615 3072 2773 Hans nicht mitgehen wollte. Aber er ist eben As-
828 2762 1650 2925 sistent geworden.
822 2900 3135 3078 3. Bernhardi deutet Hans an, dass er die Wahrheit
825 3052 3104 3216 ahne, deutet auch an, dass nicht alle reif seien
822 3219 1704 3408 4. Der Vater dazu.
831 3382 1969 3558 Bernh: Es war Erlösung,
851 3512 3098 3693 Vater: Sie war nicht bereit, wollte nicht ster-
808 3676 1060 3937 ben.
