3464 4152
2175 609 2295 760 24
604 749 2096 1044 gionen. Relegiore Schuld. Copie
607 1019 1568 1221 Schluss der Debatte.
620 1142 2265 1377 Oeffentliche Abstimmung. 7 gegen 2.
623 1331 2003 1519 Ebenw. übernimmt den Vorsitz.
620 1462 2416 1683 Antrag Hell wird für Hell entschieden.
620 1615 2823 1842 Neuer Antrag: Suspendierung des Prof.B. von der
361 1659 492 1839 Fr.
642 1798 1697 1984 Leitung der Abteilung,
642 1913 2577 2159 Anträge müssen früher eingebracht werden.
648 2126 1282 2298 Ausnahmsfall.
667 2265 1615 2437 Oeffentl.Abstimmung.
656 2347 2814 2585 Antrag: Mit vorläufiger Leitung werden die As-
672 2547 2607 2749 sistenten Oskar B. und Karl Pfl. betraut.
664 2683 2735 2905 Karl Pfl: Nein! (hm diese Heilementspulver
301 2773 590 2929 Lu elle Hl
680 2872 2823 3090 Ebenw: Bitte, Sie haben hier nicht mitzureden.
730 3003 2804 3194 Karl Pfl: Ich bedaure, wir sind ein privates
735 3090 2831 3391 Institut. Ich erkläre dieses Vorgehen für un-
751 3317 2839 3495 würdig. Sie wissen, dass Prof.B. nicht daran
721 3435 2601 3672 dachte, eine Religion zu beleidigen etc.
773 3610 2457 3831 Ebenw: Die Sitzung ist geschlossen.
