3560 4136
798 723 1112 912 I. Akt.
806 812 2947 1079 Krankenhaus. Geteilte Bühne. Linka das kleine
826 948 2950 1220 Zimmer mit Annas Bett, rechts grosser Vorraum
837 1079 2719 1351 Blick nach hinten auf einen Krankensaal.
720 1443 1576 1640 I. Anna, Wärterin.
714 1429 2955 1790 Anna: Wie spät? Ist der Professor bald da? Wann
1026 1726 1971 1921 werd' ich entlassen?
745 1804 2883 2093 Wärterin: Was haben S' denn draussen zu tun?
1037 2010 1982 2232 Hier ist es schöner.
764 2113 2107 2399 A: Jetzt kommt der Frühling.
1056 2299 2124 2519 Ich habe keine Mutter.
1031 2446 2780 2733 Jetzt, wenn ich wieder gesund werde -
809 2566 2524 2858 Der Bräutigam, der nicht mehr kommt.
801 2836 1193 3136 pite weg
