3432 4136
697 777 2826 939 Das Motiv für ein Aerztestück wäre in dem Wi-
705 888 3003 1111 derstreit der berühmten Kollegialität und Mensch-
717 1068 1624 1259 lichkeit zu suchen.
651 1211 2835 1410 (Der Arzt hat Jemanden aufgegeben, der Betref-
722 1370 3009 1522 fende verzweifelt. Der nächste Arzt x desavouiert
722 1542 2972 1682 den vorherigen, giebt dadurch dem patienten sei-
719 1656 2952 1830 ne Lebenshoffnungen und seine Lebensmöglichkeit
731 1847 2904 2013 zurück. Der erste Arzt beklagt sich wegen Ver-
739 1950 2892 2187 letzung der Kollegialität.
1125 2141 1410 2295 Berch
1025 2195 2530 2447 konnte vorgebracht werden. als Bene for
1045 2373 1881 2544 seem Uncollegied
991 2432 2698 2698 Ses Heos eneis der Aeyte jegen it liep
1071 2581 2096 2815 sich daran erklärt
