3512 4136
2775 486 2921 774 12
844 766 2784 987 11. Bernhardi und der Pfarrer im Vorsaal.
855 903 3105 1163 Pfarrer: Herr Prof., ich bin hierher beschieden.
906 1098 2281 1288 Bernh: Man hat Unrcht getan.
858 1235 2052 1473 Pfarrer: Keine Sterbende?
875 1381 3021 1579 Bernh. Ja. Aber eine, die es nicht weiss. Ver-
1017 1534 2767 1738 zeihen Sie, ich kann nicht zulassen -
869 1699 2985 1948 Pf: Herr Prof., in Erfüllung meiner Pflicht -
889 1850 3033 2091 Bernh: Auch ich habe hier eine Pflicht zu er-
1070 1976 2929 2188 füllen. Sie ahnt nicht - Sie erschienen
1037 2138 3100 2348 ihr wie der Tod selbst. Ihre letzten Minuten
1054 2295 3027 2507 sollen in Ruhe vergehen. Sehr mild: Ich
1062 2457 3100 2697 verbiete Ihnen als Arzt den Eintritt in die-
1065 2571 2862 2829 ses Krankenzimmer. (legt die Hand
917 2784 2161 3019 Pf: Ich weiche der Gewalt.
1305 2787 2965 3156 der Genalt nov ein andere
802 3111 2401 3424 (Anwesius: Cyprien, Felsh:-
1333 3231 2644 3474 Oshar. Karl. Hochs. -
