3496 4184
2263 468 2403 626 25
752 637 2913 1040 Karl: Meinethalben, Herr Prof. Sie werden doch
742 836 2854 1193 hierbleiben. Ihre Verpflichtung wäre es gewe-
769 989 2935 1373 sen, zu zeigen, dass Sie von politischen Erwäg-
790 1231 2260 1484 ungen unabhängig sind etc. etc.
804 1298 2892 1656 Um Sie der Mühe zu überheben, mich zu suspen-
879 1438 2913 1793 dieren, teile ich Ihnen mit, dass ich ihrem
887 1664 2362 1940 Institut nicht länger angehöre,
922 1825 3064 2282 Hier heren: to ist wicht wahr, dass herlys gesucht
863 1870 2072 2112 Bernhardi u.Karl Pfl. ab.
943 2104 2333 2446 der Revolherrs vielelst wurde
1021 2155 3160 2717 Quit des heiles gepute de Jure iare verlet
1029 2311 1919 2556 Uhr nen auch:
1148 2655 1578 2868 als Herr
