3480 4104
2378 610 2513 745 27
685 777 2537 942 V.Akt. - Bei Bernhardi. 3 Wochen später.
650 931 2032 1117 Nach der Gerichtsverhandlung.
667 1090 2639 1258 1. Frau B., - Löwenstein kommt. Bringt die
650 1282 2820 1433 Nachricht, dass Prof.B. zu 14 Tagen Kerker ver¬
661 1411 1565 1568 urteilt worden ist.
672 1563 2726 1714 Oskar kommt. Er hat auf Wunsch seines Vaters
696 1751 2826 1868 bisher die Abteilung geleitet. Erzählt Näheres
704 1889 2013 2038 von der Gerichtsverhandlung.
653 2054 2108 2189 Cyprian hat eine Rede gehalten.
656 2191 2710 2326 Wärterin hat beschwören, dass B. den Pfarrer
653 2334 1460 2496 beim Arm gepackt.
642 2521 1868 2647 Der Pfarrer u.Hochr. auch.
696 2626 2526 2774 Oskar wurde als Zeuge nicht zugelassen.
637 2820 2793 2998 Karl Pfl. stand in Gefahr, wegen Meineid ange-
637 2934 2588 3095 klagt zu werden. Nicht an der Hand gepacht
640 3128 2491 3325 I Toussele in Oshar arn arbe de Vate
861 3287 2124 3454 Er het vat einebespreibung
761 3427 1322 3603 Reine wirt
