3544 4120
2841 599 2931 709 18
1488 804 2079 1045 (Lieber nicht!
917 904 1380 1055 Anna war?
944 1100 1147 1205 Wer?
917 1120 2385 1368 Die Tochter der Frau Ringhofer,
977 1345 2277 1548 Erinnerungen. Studentenzeit.
957 1516 2062 1696 Seltsame Zusammenhänge.
959 1688 1195 1854 XIMM
912 1849 2916 2172 ( Frau Bernhardi u)Oskar kommen. Flint sehr
1052 2107 2237 2320 charmant ihnen gegenüber.
924 2182 2948 2477 Flut ist der, der als Assident, aus Unterci, den
924 2315 2901 2580 Chef nicht bedersprochen werden Sal. hat selbe
924 2570 1313 2703 lassen. -
959 2598 2956 2773 Bernt weiss es - und Flint jenert sich vor ihn.
952 2685 2921 2891 aber er (F.) schell alles auf revenant d'in pur
932 2866 2821 3034 wesentich - Ee het viel hundnt alle
929 3019 1385 3169 Kinner
987 3049 2513 3274 (B. Das ist die doch gleichgillig:) -
1005 3262 2978 3492 Theil verspricht Trotektion den ganzen Arzt de
1002 3454 2097 3657 das si plom serlière soll
