3448 4136
633 333 744 511 G.H.F.P.
2615 295 2723 496 3
806 467 3152 715 Bernhardider Anatom, der zugleich Dekan ist.
2968 569 3231 794 penschlag
817 607 2983 846 Prüfungen. Gespräch über Universitätszustände.
808 811 3068 966 Anatum: Im Vertrauen, es fällt mir auf zwei son-
1019 911 3053 1130 derbare Todesfälle auf Ihrer Klinik, hinter
972 1062 3033 1281 einander. Aus gewissen Gründen hab' ich che-
969 1281 3027 1486 mische Untersuchung gemacht. Der Tod war in
981 1416 3065 1640 beiden Fällen nicht durch die von Ihnen ange-
987 1602 3056 1818 gebene Krankheit, sondern durch Morphin ver-
998 1804 1383 1932 ursacht.
861 1938 2563 2107 Bernhardi nimmt es nicht sehr ernst.
870 2017 2948 2224 Vielleicht eine faule oder gar gewissenlose
879 2265 1305 2399 Wärterin.
890 2382 2720 2536 Immerhin, man wird der Sache nachgehen.
876 2487 3012 2688 Anatum: Nun, wir wissen ja, wie gleichgiltig
1016 2662 3027 2849 es ist. Aber versuchen Sie, das den Leuten
1024 2843 1751 3038 klar zu machen.
1019 2939 3103 3190 Noch immer kommt es darauf an, die Leute ih-
1030 3108 2995 3330 ren Schmerzen möglichst lang zu erhalten.
890 3266 3071 3488 Ueber den alten Pflugfelder. Er ist Primarius.
911 3450 2320 3666 Seine bevorstehende Professur.
