5004 4215
997 563 2678 813 Ostseebad Heringsdorf 12.7.97.
750 982 1512 1186 Lieber Freund,
611 1136 2461 1365 seien sie nicht böse, daß ich Ihnen heute
573 1282 2546 1552 erst auf Ihren lieben ausführlichen Brief
575 1466 2476 1653 antworte und so kurz nur viele Grüßte
580 1592 2597 1830 sende. Seit Mitte vorige Woche sind meine
580 1734 2554 1971 Mutter und ich haer, um meine Bruder
560 1888 2589 2188 u. meine Schwägerin zu besuchen. Mittwoch
583 2049 2582 2365 wollen wir wieder fort, und Freitag will ich
568 2216 2516 2483 in die Schweiz reisen, um mit Brahm
586 2367 2562 2652 in Murren zusammenzutreffen. In’s Salz.
583 2607 2574 2804 Kammergut werde ich für diesen Sommer
591 2716 2625 2960 wohl nicht kommen können, lieber Freund,
598 2877 2594 3152 sopern ich wollte, so hübsch das Wiedersehen
613 3081 2496 3296 dort und das Zusammensein wäre. Ich
598 3235 2496 3465 mußte an meinem Stück noch Kirche
606 3399 2534 3717 vornehmen, und Brahm wünscht sehr
2774 689 4775 901 mit mir um die Form des Stückes baldigst.
2781 883 4810 1088 festzustellen, damit die Rollen ausgeschrieben.
2796 1070 4689 1267 werden können etc. Später, nach dieser
2809 1191 4790 1451 Arbeit, wollen wir dann im paar Bauren
2766 1340 4795 1598 in der Schmerz machen, das hatte ich mit Brehm
2779 1532 4798 1820 seit langem verabredet. Nun hoffentlich
2789 1734 4777 1953 sehe ich die im Herbst od. Winter mit Threr
2774 1918 4742 2072 neuen Arbeit in Berlin, oder Sie mich
2779 2057 4803 2281 mit der meinen in Wien! Aber Wien.
2806 2228 4808 2440 Denken Sie, bald nach Ihrem Brief bekam
2814 2403 4760 2622 ich endlich Burckhardt Brief, in dem er
2811 2559 4788 2764 mir auseinandersetzte, mit allem Lob,
2834 2733 4659 2955 aller Achtung, daß er das Stück nicht
2837 2902 4742 3097 nehmen könnte. Zeichurbedenken, und
2852 3064 4783 3253 wenn diese fortfielen, soecale "Bedenken"
2857 3187 4813 3399 ein Teil des Publikums wurde ostentator
2842 3324 4712 3591 Bravo klatschen, der andere dadurch.
3980 3495 4727 3657 beleidigt sein.
3579 3624 4608 3892 O tempora, o mores.
3977 3834 4512 3957 G.C.G.Grencke
