4057 4615
941 421 3504 674 Ich ponste be von Herzen, lieber Arthur, und hoffe die
692 619 3548 816 nach allem Schweren und Schwersten in Ihrer großen Haffens¬
703 736 3581 959 kraft, von der wir noch manche Gabe zu den reihen empfan¬
703 934 1457 1106 genen erhoffen.
1011 1018 3434 1212 Mein Hauß kommt aus einer Zeit, da mich auf
718 1186 3442 1391 kaum erträgliche Proben gestellt. Merne Frau wurde
714 1314 3365 1512 diener wieder von ihrem Nervenleiden befallen,
740 1454 3423 1662 ermögliche draußen ihre Pflege und habe nun nichts
751 1600 3467 1845 als meine Arbeit, die ja den Älteren jetzt erschwert
740 1754 3456 2036 jenuch ist. Körperlich bin ich naht mehr ganz, wie ich war,
747 1922 3687 2094 aber die geistige Werstandskraft bleibt und muß bleibene
787 2058 3211 2318 Ich will mich im Früne unserer Jugend halten.
1186 2215 3647 2413 Möchte uns endlich ein gutes Westoschen geschenkt
798 2340 3409 2596 sein. Stellacht kann ich im Herbst nach Wien kommen.
2318 2545 2988 2779 Ihr getreuer
2504 2706 3332 2984 Georg Hirschfeld.
