6551 4552
1326 144 1773 262 nachträgliche
5 226 1814 378 ruhig hinnehmen mußte, und deren Reductron
10 327 1795 481 wirken xyz gewiß peinlich wäre. So glaube ich
10 411 1831 599 an, es wär das Beste, lieber Arthur, wenn Sie
5 534 1872 695 auch aus freren Stücken bei einer guten Gelegenzeit
10 652 1855 787 amal von mir und meinen Verhältnissen sprechen
0 712 1870 929 müden, so in der Weise, wie Ihr Herr Bruder zu Ihnen
0 852 1877 1013 sprochen, nämlich daß ich als Fremder mir über die
0 926 1865 1088 seiner Preisverhältnisse wohl nicht genügend klar
0 1032 1850 1232 wäre und für meine Frau damals in der Erregung
0 1160 1896 1328 natürlich das beste Unterkommen gewünscht hätte.
0 1220 1877 1384 Dann könnte ja Dr. Fürth ganz frei und ohne mein
0 1328 1882 1521 Wissen, nur von meinem Freunde beeinflugst, eine an¬
7 1432 1944 1574 gemessene Rechnung machen! Ich bin Ihnen herzlich dankbar
4252 91 5717 229 Der Juristen Facultät zuwischen gewiß
4216 147 5804 339 bedrauchen mich wieder viele Plan und
3568 248 3751 421 P.S
4192 265 5809 469 ein tüchtiges Pensum ist wieder ent¬
4204 366 5787 570 fanden, dem ich schwer entimmen
4192 493 5835 698 kann. Auch xxx wie gesagt die Reise für
4189 606 5890 734 und uns beide ein bedeutender Riß in die
4199 729 5883 919 Reisekasse - und so wollen wir uns um
4079 857 5895 1044 seiner auf das Wiedersehen in unserer
4329 1003 6016 1181 Gegend freuen! Das wird schön. Bitte
4300 1076 5854 1254 schreiben Sie mir noch, wann Sie be¬
4011 1097 4237 1234 pieds
4199 1189 5869 1408 kommt in Fiume sein werden, dann
4322 1304 5871 1499 holen wir sie von dort nach Abbazia,
4598 1434 4769 1552 300e
5804 1432 6044 1564 s20:3:
2500 2433 2914 2531 G.C.F.S.
3617 2755 4815 2931 G'apons aso avec la chapone
4911 2777 5311 2945 G.F.P.
5753 2810 5987 2989 ssa?8
3607 2892 4387 3049 CALLEDOÄ' ###
4892 2928 5650 3078 Décembre, et ou il y a
5763 2974 6006 3123 & 28°8
4100 3058 4375 3147 P.S.C.
4608 3042 4784 3188 00: 4
4916 3049 5217 3208 PTAOXO0
5756 3099 6030 3248 3.4.84
3828 3106 4550 3244 Auch wa lange wer
3804 3183 4817 3342 ungefähr soll zusammen
4902 3174 6023 3383 Drange at aiuta soe ee
2327 3183 3491 3381 Lieber Arthur! Bin seit 4410 Uhr
3819 3299 4798 3448 seinwerden, wüßte $500.8
2286 3311 3496 3477 sier, kann nun leider nicht mehr
4882 3309 5987 3465 Djaennos! Tuccerljnt S20:2
3828 3378 4517 3530 ich gerne um mit
2257 3429 3479 3612 warten, weil ich zu meiner
4579 3429 4841 3583 G.C.F.P.
4894 3426 5157 3583 G.C.F.P.
3797 3499 4408 3670 meiner Frau
2257 3547 3504 3718 Frau muß, die im Referen¬
3797 3609 4468 3763 verabreden zu
2264 3650 3525 3826 Rötel mit Frl. Wittewerbet
2298 3761 3460 3910 hat. Verzeihen Sie dies ver¬
3773 3725 4235 3901 können könne.
2245 3848 3508 4050 fehlte Kindy-rens und lassen
3898 3951 4440 4187 Herzlichs
3896 4124 4375 4319 Ihr H. Rd.
5019 4295 5231 4423 G.C.F.P.
