5010 4249
2247 421 2413 547 1
2724 655 4650 919 kam hier praie zur Hochzeit meines
1443 778 2218 940 Berlin, 18.12.96
2688 911 4645 1058 Bruders zurück, gestern war sie, und
2680 1081 4586 1273 heute kommt man wieder zur Ruhe,
724 1104 1882 1309 Lieber Herr Doctor,
2652 1248 4611 1430 zum Arbeit. Mein Stück bleibt, wie es
526 1327 2442 1517 herzlichen Dank für die Übermittelung
493 1487 2439 1689 dieser energischen Anerkennung. Warum
488 1692 2403 1833 war auch der Herr so offen. Jedenfalls
470 1841 2488 2062 ein Leichen der Zeit, daß geschmärkssachen
488 2057 2406 2218 Herzenssachen (?) leiten. – Vielleicht war
470 2223 2511 2385 es doch mehr Gefühls- als Geschmackssache¬
478 2395 2524 2555 - und das ist mir lieb und eine Freude. -
467 2619 2478 2760 Verzeihen Sie, daß ich heute erst antworte.
472 2768 2452 2942 Ich war 4 Tage mit Brahm bei Haupt¬
460 2965 2452 3122 mann in Schreiberhau, habe im winter¬
442 3122 2511 3317 lichen Gebirge wunderschöne Stunden gelebt.
457 3333 2424 3551 u. Frischen Mut zur Arbeit geholt. Ich
2629 1425 4660 1587 immer war - schwer und von kostbarem
2650 1618 4642 1813 Stoff; - was draus wird, wissen die so¬
2662 1815 4629 1974 genannten Götter, ich werde jedenfalls
2647 1974 4675 2172 mein Mögliches thun u. habe mit Ende
2616 2193 4588 2419 Januar der Arbeit ein Ziel gesetzt.
3135 2370 4732 2565 Wie geht es denn Ihren Arbeiten?
2747 2532 4634 2737 1) hoffe sehr im Frühjahr nach Wien
2639 2711 4524 2924 zu kommen, dann wohl schon mit
2603 2865 4511 3099 Agnes Jordan.- Bitte mich Ihrer
2611 3096 4675 3307 verehrten Frau Mutter zu empfehlen und
2611 3299 3682 3471 Grüßte Sie vielmals!
3697 3358 4645 3556 Ihr treu ergebener
3805 3517 4742 3707 Georg Hirschfeld.
4347 3944 4550 4087 G.C.F.P.
