4056 4375
651 517 1273 662 Georg Hirschfeld
2638 473 3092 718 10.3.24.
621 633 1280 834 München-Großhadern
722 718 882 882 55.
1496 811 2255 1128 Lieber Arthur!
2292 960 2467 1135 G.P.
912 1139 3353 1403 Mit herzlichstem Dank für Ihr so liebes, ausführliches
610 1291 3371 1570 Schreiben, das ich soeben empfing, beerte ich mich, noch Ihre
610 1436 3412 1753 Frage bezüglich meiner angebotenen (und eingereichten)
599 1600 3442 1846 Stücke zu beantworten. Im Burgtheater liegen: „Hosen¬
607 1809 3427 2080 das neue Stück, das mir am meisten wert ist, durch die
621 1935 3595 2222 Mittel des Burgtheaters erst seine Wirkung finden könnte,
610 2114 3554 2378 und „Rösickes Geist“, das ich dem Akademietheater zugedacht,
592 2330 3546 2549 weil es sehr lästig wirkt, besonders jetzt vielleicht, da man
625 2512 3572 2724 sich für spiritistische Wahrheit und Unwahrheit interessiert.
636 2657 3509 2869 Ich dachte auch an Lotte Witt für die Lehmann, Rolle der
636 2858 904 3048 Grete.
956 2869 3587 3107 In Volkstheater liegen: ein neues, mortones Stück,
588 3107 3584 3260 M. Trajekomöske „der Bruder“, und „Miege und Maria“
621 3245 3598 3442 Borel mir auch davon läge, wenn dort etwas zur Unauffuhr¬
614 3401 3539 3587 rung käme, so würde ich doch auch die Wiederbelebung von
614 3554 3569 3777 „Miege und Maria“, die nur Brahms Gastspiel einst mit
640 3755 3606 3904 Erfolg gebracht, mit großer Freude begrüßen. Glücksmann,
644 3889 3621 4075 zu dem Bernau noch wies, las schon, als ich in Wien war,
3624 2553 3881 2873 G.C.R.
3636 2824 3770 2973 200
3658 2984 3770 3267 3.°
