6328 5278
4768 202 6139 469 Lieber Herr Dr. Schnitzler 10.1.07
4978 383 6092 571 Wir haben eine grosse
4771 501 6149 645 Bitte: In Berlin sahen wir ein
4786 611 6170 786 Bühnencremplar vom Einsame
4763 723 6176 928 Weg, das ja aber nicht verforge
4771 813 6163 999 wird. Durfen wir Sie darum
4760 925 6160 1127 botten. Sie würden uns hier
4758 1064 6170 1237 in unserer Wintersinsamkeit
4758 1138 6139 1360 herzlich damit erfreuen.
367 1274 2105 1447 München 23.2.0% Gallertestr. 15. Maximilianstrasse mit Maximilianeum.
4288 1250 4590 1408 2.4.04
4750 1240 6168 1473 Selbstverstandlich geben wie¬
2983 1342 3465 1473 Maximilianstr. 5.
273 1321 2354 1515 Lieber Arthur, ich habe Ihnen noch herzlichst für Ihr Stuch zu
3484 1389 4244 1491 Neuer Wittelsbach — Brunnen v. Hildebrandt
4752 1384 6134 1562 nicht weiter. Es wurde uns
3203 1387 4608 1547 Noch vielen Dank, lieber Arthur, für Ihre
2684 1421 3012 1510 MÜNCHEN
296 1436 2349 1583 danken. Sie wissen, daß es mir sehr lieb ist, und ich bin sicher,
2535 1507 4634 1659 Dr. Treukler Co. Leipzig. 1930 Glückwünsche und herzlichste Grüße Ihnen Beiden
4747 1491 6110 1680 muss mehr erfreuen, da
233 1520 2341 1696 daß es weiterwirken wird, von den Vorstehenden her auch auf
4760 1609 6155 1775 wir ja voraussichtlich zur
4034 1623 4194 1767 5.
4744 1670 6144 1890 Première nicht in Berlin
831 1706 1355 1950 12.9.1903.
4097 1777 4299 1945 3073
4768 1793 6071 1979 sein werden. Wir senden
472 1819 1400 2087 XIX. Lannerstr. 30.
4763 1911 6149 2092 Ihnen das Busk gerne wieder
4771 2026 6115 2257 zurück. Mit herzlichen Gründe
4737 2147 5982 2291 auch an The liebe Frau
385 2126 1117 2351 Lieber Arthkert
4789 2260 6102 2375 Ihre Berg und Ellzsprechfels
4734 2312 6136 2480 3.2. Weisser Hirsch b/Bresden. Dr. Kahmann
252 2317 1400 2537 Heute Abend ist es leider
170 2464 1499 2676 nicht möglich fünsere Freundin
4540 2456 4750 2634 1777
173 2592 1439 2820 Else Speidel spricht die Júlia,
3164 2621 3363 2758 Berlin
3596 2650 4346 2758 Reichstagsgebäude Sonnestaj.
4645 2624 6139 2773 württigkeit zu können. Die
3696 2716 4393 2894 Schwedisches Testaments
163 2718 1484 2941 und wer müssen in’s Burg¬
3067 2810 4370 3001 Lieber Arthur? Wir begrüßen Sie,
139 2849 1510 3117 theater, hatten es schon längere
3054 2946 4351 3109 Beide in Berlin und freuen uns herzlich,
149 3041 1481 3206 Zeit verabredet. Bitte, seien
3056 3049 4370 3219 Sie morgen bei Strahm zu sehen. Dort
2288 3017 2828 3222 Aus Salzburg, der
1680 3140 2092 3295 21.8.1903.
2254 3185 2841 3305 Stadt des Trostes.
128 3143 1491 3342 Sie so gut, uns einen andern
3054 3169 4357 3324 Wochen wollen wir Ihnen von den Ein¬
1693 3248 2881 3450 Viel herzliche Grüße u. auf
3028 3277 4383 3434 drücken. xxx welche die tiefe Schönheit der
128 3292 1510 3489 Abend zu bestimmen – wieschlage
3030 3363 4391 3531 neuen Gärtzler & Wttung auf ungemacht
1683 3379 2917 3552 Diedersehen im September!
134 3413 1494 3620 Sonntag oder Dienstag vor.
3035 3473 4359 3625 hat, schreiben, aber die lehte Arbeit an¬
1720 3510 2959 3725 Ihre Elly und Georg Hirschfeld
4592 3596 6281 3706 Binz a. Rügen ist auch sollen, freilig nicht Compezi¬
3083 3557 4349 3699 Nebeneinander verschob es immer
168 3552 1526 3727 Verzeihen Sie Beide die notwendige
4537 3620 6286 3772 =tingsfen hier, nun Sommerquartier zu nieten.
3046 3636 4409 3817 wieder. Ihre elly u. Georg Hörochfelden
147 3649 1518 3858 Abänderung und seien Sie herz¬
1806 3672 2425 3769 WORTHLE & SÖHN, SALZBURG. 6020
4537 3701 6315 3822 Sie nicht auch mit Frau, Kind, Madelau, die
4514 3746 6315 3950 September bekommen x ist seulere. Und xxx
121 3761 1554 3950 lichst gegrüßt. Ihre Hörechfeld’s.
2181 3832 2763 3987 Hilsen fra København
2488 3817 4325 3995 der Herzliche Grüsse aus dieser
2189 3937 4283 4170 schönen Stadt. Ihre Ellschirschfeld.
4834 4050 5067 4168 G.C.F.P.
2312 4100 4257 4273 Wir haben hier gestern mit Peter Nansen, Herrn Banz
2194 4228 4270 4330 u. Georg Brandes thver gedacht. Viele Hause Ihnen beiden
