5033 4600
2635 216 2857 356 1: „
1560 508 3818 657 doch noch manche Freude gehabt, es ist schon vierzehn Mal
1551 669 3903 833 gegeben worden und wird auch noch Frau Sorma’s Abreise,
1566 789 3713 999 die es nach Amerika mitnimmt, mit Frl. Dumont
1557 932 3865 1110 weitergegeben werden. Schlenther stellt sich zu einer Auf¬
1551 1104 3806 1280 führung im Burgtheater sehr freundlich und hat mir in
1572 1224 3757 1396 einem schönen Brief viel Hoffnung gegeben – die Ent¬
1528 1385 3082 1580 scheidung muß ich aber noch abwarten.-
2188 1542 3824 1744 Möglich, wenn mich die Arbeitslust des
1554 1703 3780 1849 Frühlings packt, daß ich die Frühlingsmonate wieder in
1577 1791 3789 2019 Wien verlebe - dann sähen wir uns wieder. Wollen
1595 1984 3795 2170 Sie bitte Hofmannsthal vielmals von mir grüßten,
1598 2086 3765 2308 ihm von meinem Brief erzählen? Das Meiste darin
730 2141 909 2287 1.° 0
1586 2235 3839 2428 wäre ja auch an ihn gerichtet. Empfehlen Sie mich bitte
1601 2387 3926 2547 auch Ihrer verehrten Frau Mutter, grüßten Sie Salten,
1592 2577 3903 2711 Beer. Hofmann, Herrn Schwarzkopf und meinen Zimmer¬
1601 2708 3900 2915 nachbar Herrn Engel herzlich von mir. Viel Aufträge,
1601 2863 3617 3029 nicht wahr? Ihnen die besten Grüße von Ihrem
2612 2991 3792 3184 getreuen Georg Hirochfeld.
4040 546 4394 707 de la riviere et le
4028 663 4718 815 rengsak daraua
4017 824 4288 958 F 40x00
4075 873 4648 1090 G.C.F.P.S.
4034 1020 4765 1177 resere, mais il a
4093 2325 4288 2501 G.C.H.F.P
4052 2457 4423 2617 Ce nouvelle ne
4075 2559 4741 2746 comme quelques-mêmes.
4081 2714 4329 2851 Adxoo
4081 2813 4835 3009 Appellanten-Monsieur et aller
4081 2942 4803 3129 zogzog: zugesptjat
4104 3102 4551 3283 G.H.F.P.
