4072 4330
421 290 3298 530 beide Stücke und sagte mir, daß beide für das Volkistheater,
440 526 3399 658 in Betracht kämen. Die Entscheidung wurde mir nach Bernans
425 602 3399 820 Lektüre mitgeteilt werden. Für die Miege dachte Glücksmann
3715 790 3805 899 G.H.F.P.
421 778 3388 970 an eine neue junge Darstellerin, wie ich mich erinnere, nicht
414 914 3388 1192 so an die bewährte, Frl. Keller, wenn ich nicht vore. Sehr unge¬
425 1083 3365 1301 nommen für die Wiederaufnahme des Stückes ist Lackner,
3523 1166 3662 1286 B.S.
414 1252 3399 1478 der im Münchener Hausprelhause oft den Wendelin gespielt,
447 1361 3403 1624 nun auch gern den Grafen (in München Waldau) übernähme.
455 1523 3343 1778 Für den "Bruder" nannte mir Glückemann eine even¬
414 1733 2929 1997 tuelle Besetzung mit Frau Heinsiek und Marr.
1068 1839 3407 2102 daß Tresslers Berettenspiel das Hinstands für
414 1993 3433 2226 „Agnes Jordan“ im Burgtheater vermutlich geworste, wußte
425 2158 3440 2384 ich noch nicht. Darauf war ich nicht gefaßt, aber ich darf wohl
425 2316 3407 2534 die Hoffnung nicht aufgeben, daß mein Stück durch diesen
447 2497 3403 2696 Umstand nicht getötet werden kann. Jedenfalls folge ich
3501 2538 3737 2718 Doope
417 2621 3125 2854 heute schon Ihrem Rat, an Hertersch zu schreiben.
3504 2688 3918 2861 l'honneur et
1079 2782 3376 2948 Wenn ich sicher sein darf, Ihnen, lieber Arthur,
3519 2839 3805 2963 d'AoI.co
478 2933 3354 3132 Dich die gütige Wahrung meiner Rechte und Interessen
3508 2940 3865 3110 avec deseurs
3489 3064 3940 3260 Drnennor: 1
470 3068 3331 3267 wirklich nicht beschwerlich zu sein – meines herzlichsten
481 3204 3358 3444 Dankes bitte ich xx für jede Möglichkeit gewiß zu sein.
3610 3328 3711 3489 P.S.
493 3414 3324 3613 Ich bleibe mit den besten Haußen von uns zu Ihnen
2237 3519 3252 3756 Tho denwer getreuer
2452 3685 2824 3918 Georg.
