4072 4361
396 210 3250 420 im Burztheater jetzt an bestimmten Unnahmeziffern fest¬
392 351 3319 533 Aber man sagte mir dort schon, daß die letzte Fachungswoche al¬
388 509 3387 698 sten Stücke, also auch das meine, sehr beeinträchtigte, und un¬
375 646 3452 816 desen Umständen sollte man doch „Agnes Jordan“ umso mehr ge¬
367 779 3517 921 legenheit geben, sich nach der Faschungszeit zu behaupten. Ich kam
375 917 3541 1086 nun die Verhältnisse, was Repreisen betrifft, nicht genügend – wiele
343 1082 3573 1235 leicht gibt eine Reprise, wie mein Stück, die Möglichkeit, es eine
343 1195 3513 1373 Woche aus dem Spielglau zu halten und nach solcher „Gonung
343 1320 3553 1514 wieder einzufügen. Oder ist das eine Illustrion, etwas von mir
335 1437 1429 1647 zu zern Geplaubtes?
711 1595 3557 1772 Ich bin sehr traurig in dieser Ungewißheit, gerade nach der
327 1724 3541 1938 schönen Hoffnung, die Wien mir anfangs gegeben. Ich hatte auch er¬
319 1869 3557 2083 wartet, daß der große Erfolg der Medelsky als Agnes ein wenig
307 2007 3521 2233 erhalten würde. An Hertersch möchte ich noch mit einer Anfrage,
307 2132 3513 2334 die doch auf eine Bitte hinauslaufen würde, nicht man wenden,
311 2289 3509 2459 umso weniger, als ihm eben zwei andere Stücke von mir zur
315 2422 3501 2620 Entscheidung vorliegen. Nach dieser langen Einleitung, die ich die
307 2588 3541 2794 gütig zu entschuldigen bitte, lieber Arthur, wende ich mich deshalb
283 2737 3492 2951 an Sie, an die Möglichkeit Thies freundschaftlichen Beistandes. Be¬
307 2903 3420 3068 kennen die Verhältnisse am besten, da sagen mir gern, was
291 3004 3400 3218 Ihnen erreichbar ist. Sielleicht können die erfahren, wie es um
291 3161 3424 3359 Agnes Jordan“ steht, wie die Entwickelung war, und was ich noch
299 3303 3408 3464 erwarten darf. Es ist ja nicht nur materiell, - und in dieser
311 3432 3420 3706 hinsetzt genug, die können es sich vorstellen!  so wichtig für mich,
299 3614 3424 3799 auch Adcell, an einer entscheidenden Stelle des Weges, der mir
311 3723 3505 3941 noch bleibt. Im Innersten brauche ich Belebung, neuen Glauben¬
331 3900 3492 4122 So wertvoll es mir ist, daß alte Arbeiten sich noch wirksam zeigen,
3553 2556 3702 2705 G.C.F.P.
3597 2705 3771 2879 G.C.P.
3549 2818 3771 3024 Adxoo
3577 2980 3787 3238 G. 7. 20
