4072 4344
2941 124 3184 283 Gen. N
3399 132 3615 295 1319
614 215 3687 415 muß an ihrer Hand auch endlich wieder zur Wirkung von neuen
614 339 3595 527 geführt werden. Das Gespenst das lebendig Begrabenwerdens muß
1847 451 2191 575 aufgeben
567 527 3715 694 fort. Ich würde die Hoffnung es loszuwerden, wenn ich nicht arbeiten
551 610 1987 806 hätte, die den Versuch lohnten.
1121 730 3719 986 Und hier, lieber Arthur – Sie verstehen und vergleihen – hier
555 942 3695 1113 komme ich zu einer zweiten Bitte. Ich will mich vor Illastonen hin¬
563 1033 3671 1221 ten, ich weiß, wie schwierig die Verhältnisse im Burgtheater sind.
571 1157 3567 1389 Mein Bestes, den „Hosen“, habe ich Hertersch gegeben und dazu die
571 1317 3599 1520 sehr gegensätzliche Beoldner Komödte „Röstckes Geist“, weil ich an
567 1424 3663 1648 den Bedarf des Akademietheaters, an Lotte Witt und den a Biberge¬
567 1564 3723 1780 der Repertoirestück blieb, dachte. Ob Hertersch eines der berden Stücke
559 1736 3643 1943 nehmen wird, ist mir ganz angewiß. Wirkliche Hoffnung aber
579 1839 3631 2075 habe ich für das Volkstheater. Direktor Bernau fand ich sehr eng,
2689 1979 2773 2055 G.P.
539 1995 3595 2183 fänglich, und Glücksmann, dem ich meine neue Tragekombste
559 2099 3631 2318 „Der Baucker“ und a Miege und Maria" gab, nannte beide
539 2262 3687 2490 Stücke nach der Lektüre aussichtsvoll und wollte sie Ber¬
531 2402 3739 2597 nau baldigst zur Entscheidung vorlegen. Lackner, der in i Mtage
519 2574 3679 2781 und Maria’ in München oft gespielt, freute sich schon darauf.
523 2717 3671 2913 Glucksmann meinte, daß dieses Stück für die Weihnachtszeit im
519 2861 3631 3072 Volkstheater in Betracht käme. Meine Bitte ist nun, lieber
511 3028 3643 3208 Arthur: be stehen gewiß mit dem Volkstheater so in Seobindung,
515 3164 3635 3392 daß die Ihre Anteilnahme an dem Schritt vorwärts, den ich dort
519 3300 3651 3507 tun Könnte, dort vor allem, bekunden könnten. Ihre Stimme
487 3415 3575 3623 wird von Bernau gehört werden, sein Schwanken vielleicht ersch
499 3559 3659 3763 zum Entschluß geführt. Wie ungern ich durch solchen Wunsch lästig
491 3655 3647 3926 Eiele, wissen Sie – aber es steht zuviel für mich auf dem Spiel, und
511 3798 3140 4030 nur zu Ihnen kann ich mit meinen Nöten kommen.
1057 3914 3599 4122 Ich drücke Ihnen dankbar die Hand und bin mit den
503 4054 3407 4249 herzlichsten Häusern von Haus zu Haus immer Ihr Georg Horenstr.
