4019 4488
3174 628 3346 744 an.
1023 695 3367 931 Hoffentlich trifft dieser Brief die recht wohl. Ich
634 876 3067 1112 wünschte mir so sehr ein baldiges Wiedersehen.
3680 990 3793 1112 1.00
1072 1008 2843 1229 H habe jetzt eine recht schwere Zeit.
1072 1155 3533 1415 Aber g kann Ihnen mit diesem Brief ein neues
683 1305 2883 1581 Buch in dankbavem Gedenken übersenden.
1085 1428 3294 1746 de besten Hauße, auch von meiner Frau.
1893 1682 3039 1881 Ihr immer getreuer
2246 1860 3195 2093 Georg Hirschfeld.
3677 2773 3857 2950 8:8
