4072 4489
496 756 3409 996 Wie gern hätte ich sie Ihnen selbst schon gesandt, aber ich habe leider
496 954 3413 1107 noch kein anderes Exemplar verfugbar und möchte nur hoffen,
481 1088 3527 1264 daß y Ihre Zeit später durch das Lesen der Arbeit in Anspruch nehmen
496 1225 3436 1416 darf. Das Stück kommt ja nun nicht mehr zu Thimmig, wie
492 1332 3413 1519 ich gedacht. Hoffnung möchte ich mir indeß umso realer für das
485 1420 3524 1661 Interesse von Gustav Gwargkopf morgen, den ich einst bei Ihnen
473 1577 3512 1821 oft getroffen, und der mir stets eine mir warte Sympathie be¬
470 1714 3524 1928 kundet hat. Sie werden ihn gewiß zuweilen sehen – darf das Sie also
496 1867 3558 2058 bitten, ihre gütige Fürsprache an diese Stelle zu richten? Und vielleicht
473 1981 3535 2210 an andere des Burgtheaters auch, die mir vielleicht fremder sind.
500 2180 3550 2394 ich bin ja lange nicht in Wien gewesen. Das Stück wurde wohl eine
504 2310 3470 2516 gute, große Kelle für Heine haben – die beiden jungen Leute
1107 2439 1275 2523 auch
496 2443 3451 2668 fänden gewiß ihre rechten Darsteller im Burgtheater – Jüngling
481 2558 3535 2779 und Mädchen, dann junge Frau. (Ihm lernt den Jüngling aber erst
470 2749 2932 2886 als Frau kennen und ist schon die Gattin des Alten.)
3562 2749 3825 2909 M r
1115 2863 3512 3050 Hoffentlich erfällt sich in nicht zu ferner Zeit der Wunst
470 2974 3493 3188 für ein Friedenswiedersehen. Ich bitte Sie, Ihrer lieben Gattin meine
3619 3008 3787 3142 G.C.H.F.P.
458 3111 3451 3317 besten Grüße auszurichten. Meine Frau ist jetzt bei mir in Kauf¬
3730 3165 3879 3302 reur
447 3264 2813 3482 bauern, meine Mutter war auch eine Feit hier.
1119 3409 3443 3642 Leben Sie recht wohl und empfangen Sie meinen
489 3573 2187 3779 besten Dank, meine getreuen Grüße
2348 3581 3310 3924 Ihr Georg Hirschfeld.
