4986 4505
4387 646 4709 783 Grundsja
2511 643 4210 958 und besser thut, auf längere Zeit in
2539 846 4357 1110 ein kleines Hötel mit mäßigen Preisen
4481 877 4793 1009 G.C.F.P.
646 844 2222 1147 Amerika reisen wird, um dort zu
4455 1047 4802 1166 G.C.F. S. I
2550 1072 4283 1324 einzukehren. Eine Dame empfahl
650 1051 2264 1331 pastieren. Wäre sie hier geblieben,
634 1203 2371 1504 so wäre es für mein Stück wohl auch
2562 1219 4278 1471 mir das Hötel Tegetoff (?), das
636 1415 2413 1681 zu spät gewesen, zumal, der Lohn des
2588 1436 4357 1751 ganz in der Nähe des Colowratringes
625 1597 2455 1863 Kalifen sich den früheren Erfolgen dieser
2578 1627 4371 1916 sein soll. Kennen Sie dies Hötel? -
671 1753 2399 2031 Saison anzureichen scheint. Jedenfalls
2606 1814 4427 2061 Wenn Sie es für geeignet halten (ruhig,
655 1930 2476 2215 bin ich ganz froh, die Arbeit hinter mir
2625 1998 4411 2282 das ist ja für meine Arbeit die erste
669 2107 2411 2385 zu haben und bald an Neues gehen
2611 2182 4359 2434 Bedingung), wollen Sie mir dann
690 2271 2485 2588 zu können, erst an ein paar Skrzzen,
2648 2357 4373 2627 baldigst darüber schreiben? Nur ein
723 2473 2485 2728 dann wieder an ein Stück. - Wie geht
2655 2494 4488 2814 paar Zeilen, es darf sie ja nicht fören.
4506 2543 4805 2709 OUJWJT3
671 2583 2527 2926 es Ihrer Arbeit? – Sie werden mir nun
2648 2676 4490 2996 Sonst gehe ich zunächst wieder in's Hôtel
4597 2835 4847 2963 Ot P.V.
723 2900 1769 3082 bald davon erzählen.
2667 2849 4544 3143 de France und sehe mich dann vielleicht
4546 2930 4842 3094 Geschäft.
1030 3007 2469 3268 Eine Bitte, lieber Herr Doctor.
2707 3112 3933 3383 nach einer Wohnung um.
758 3154 2404 3460 Ich hörte, daß man in Wien nicht
3173 3233 4474 3516 Eigentlich wollte ich erst am
4229 3320 4518 3460 15. ca.
765 3336 2555 3646 leicht ein gutes Privatlogis bekommt
