<?xml version="1.0" encoding="UTF-8" standalone="yes"?>
<PcGts xmlns="http://schema.primaresearch.org/PAGE/gts/pagecontent/2013-07-15" xmlns:xsi="http://www.w3.org/2001/XMLSchema-instance" xsi:schemaLocation="http://schema.primaresearch.org/PAGE/gts/pagecontent/2013-07-15 http://schema.primaresearch.org/PAGE/gts/pagecontent/2013-07-15/pagecontent.xsd">
    <Metadata>
        <Creator>prov=READ-COOP:name=TrHtr:version=2.1.0:model_id=51170:date=25_07_2023_05:13</Creator>
        <Created>2023-05-01T21:55:55.515+02:00</Created>
        <LastChange>2023-07-25T05:13:31.267+02:00</LastChange>
        <TranskribusMetadata docId="1416435" pageId="54946206" pageNr="61" tsid="130585706" status="IN_PROGRESS" userId="64420" imgUrl="https://files.transkribus.eu/Get?id=VMAKNQFQCUKROBOOPTUDSJTU&amp;fileType=view" xmlUrl="https://files.transkribus.eu/Get?id=VPSCYNOBWZKKPGBKBEYERTDA" imageId="44450291"/>
    </Metadata>
    <Page imageFilename="1416435_0061.jpg" imageWidth="6280" imageHeight="4314">
        <ReadingOrder>
            <OrderedGroup id="ro_1711831685177" caption="Regions reading order">
                <RegionRefIndexed index="0" regionRef="tr_1"/>
            </OrderedGroup>
        </ReadingOrder>
        <TextRegion id="tr_1" custom="readingOrder {index:0;}">
            <Coords points="549,595 5825,595 5825,4084 549,4084"/>
            <TextLine id="tr_1_tl_1" custom="readingOrder {index:0;}">
                <Coords points="3415,727 3797,755 4020,673 4094,704 4282,666 4340,701 4612,689 4612,595 4437,612 4252,521 3990,536 3936,577 3672,539 3415,567"/>
                <Baseline points="3429,657 3453,657 3543,657 3632,651 3722,645 3812,645 3901,645 3991,645 4080,645 4170,645 4260,645 4349,651 4439,657 4529,651 4618,645"/>
                <TextEquiv>
                    <Unicode>Caspons   x Chapons :</Unicode>
                </TextEquiv>
            </TextLine>
            <TextLine id="tr_1_tl_2" custom="readingOrder {index:1;}">
                <Coords points="5565,778 5581,778 5611,800 5642,793 5657,806 5682,790 5695,798 5713,783 5764,798 5779,783 5792,783 5794,699 5718,691 5677,709 5624,704 5591,689 5565,694"/>
                <Baseline points="5580,764 5622,758 5712,758 5801,758"/>
                <TextEquiv>
                    <Unicode>P.S.V.</Unicode>
                </TextEquiv>
            </TextLine>
            <TextLine id="tr_1_tl_3" custom="readingOrder {index:2;}">
                <Coords points="4668,826 4806,826 4877,864 4978,864 5039,889 5052,709 4945,663 4762,709 4678,694"/>
                <Baseline points="4684,800 4696,800 4786,794 4875,788 4965,776 5054,776"/>
                <TextEquiv>
                    <Unicode>10.5.1905.</Unicode>
                </TextEquiv>
            </TextLine>
            <TextLine id="tr_1_tl_4" custom="readingOrder {index:3;}">
                <Coords points="1253,973 3113,917 3187,887 3194,760 2849,767 2719,854 2440,795 2216,856 2094,806 1975,869 1700,841 1614,905 1260,828"/>
                <Baseline points="1266,950 1314,950 1404,944 1493,944 1583,938 1673,932 1762,926 1852,920 1941,920 2031,914 2121,908 2210,908 2300,902 2390,896 2479,890 2569,890 2658,884 2748,884 2838,878 2927,872 3017,866 3107,860 3196,848"/>
                <TextEquiv>
                    <Unicode>uralter Ort, der sich mit seinem Gloß auf</Unicode>
                </TextEquiv>
            </TextLine>
            <TextLine id="tr_1_tl_5" custom="readingOrder {index:4;}">
                <Coords points="5573,966 5652,973 5710,943 5746,963 5769,943 5807,948 5807,836 5753,841 5708,821 5664,841 5616,813 5573,813"/>
                <Baseline points="5586,890 5676,890 5765,890 5813,890"/>
                <TextEquiv>
                    <Unicode>G.H.F.P.</Unicode>
                </TextEquiv>
            </TextLine>
            <TextLine id="tr_1_tl_6" custom="readingOrder {index:5;}">
                <Coords points="4394,1024 4884,973 5009,1042 5245,1037 5245,945 4976,864 4894,915 4732,933 4633,882 4577,910 4396,882"/>
                <Baseline points="4409,979 4445,979 4535,979 4624,979 4714,979 4803,979 4893,973 4983,967 5072,967 5162,961 5252,967"/>
                <TextEquiv>
                    <Unicode>Dachau in Bayern</Unicode>
                </TextEquiv>
            </TextLine>
            <TextLine id="tr_1_tl_7" custom="readingOrder {index:6;}">
                <Coords points="1263,1088 1550,1131 1825,1062 3019,1039 3164,1006 3169,945 2869,910 1266,1044"/>
                <Baseline points="1278,1075 1290,1075 1380,1075 1469,1069 1559,1063 1649,1063 1738,1057 1828,1057 1917,1051 2007,1045 2097,1045 2186,1039 2276,1033 2366,1027 2455,1021 2545,1015 2635,1015 2724,1015 2814,1009 2903,1009 2993,1003 3083,997 3172,991"/>
                <TextEquiv>
                    <Unicode>einer Höhe angebaut hat. Die Willencolonde</Unicode>
                </TextEquiv>
            </TextLine>
            <TextLine id="tr_1_tl_8" custom="readingOrder {index:7;}">
                <Coords points="5576,1050 5598,1057 5626,1044 5664,1070 5682,1060 5705,1070 5725,1052 5751,1070 5761,1060 5792,1060 5797,973 5769,971 5761,961 5748,966 5733,950 5710,943 5690,961 5670,971 5659,966 5636,981 5626,968 5581,966"/>
                <Baseline points="5592,1021 5622,1021 5712,1009 5801,1009"/>
                <TextEquiv>
                    <Unicode>G.H.F.P.</Unicode>
                </TextEquiv>
            </TextLine>
            <TextLine id="tr_1_tl_9" custom="readingOrder {index:8;}">
                <Coords points="3614,1080 3868,1083 3863,940 3837,943 3814,928 3779,940 3733,922 3685,948 3657,930 3609,940"/>
                <Baseline points="3626,1033 3716,1039 3806,1039 3871,1045"/>
                <TextEquiv>
                    <Unicode>G H</Unicode>
                </TextEquiv>
            </TextLine>
            <TextLine id="tr_1_tl_10" custom="readingOrder {index:9;}">
                <Coords points="4536,1136 4656,1123 4689,1144 4737,1123 4775,1146 4861,1121 4917,1164 4948,1164 4994,1126 5077,1123 5077,1055 5034,1057 4991,1032 4950,1057 4884,1029 4831,1060 4734,1060 4612,1004 4539,1014"/>
                <Baseline points="4553,1099 4636,1099 4726,1093 4815,1093 4905,1093 4995,1093 5084,1087"/>
                <TextEquiv>
                    <Unicode>Villencolonie</Unicode>
                </TextEquiv>
            </TextLine>
            <TextLine id="tr_1_tl_11" custom="readingOrder {index:10;}">
                <Coords points="1253,1217 1410,1263 1510,1199 2709,1141 2765,1194 3263,1146 3266,1052 1255,1151"/>
                <Baseline points="1266,1206 1296,1200 1386,1200 1475,1195 1565,1189 1655,1183 1744,1183 1834,1177 1923,1177 2013,1165 2103,1165 2192,1165 2282,1159 2372,1153 2461,1153 2551,1147 2640,1141 2730,1141 2820,1141 2909,1135 2999,1129 3089,1123 3178,1117 3268,1117"/>
                <TextEquiv>
                    <Unicode>liegt unten. Viele Maler wohnen hier, wie Sie</Unicode>
                </TextEquiv>
            </TextLine>
            <TextLine id="tr_1_tl_12" custom="readingOrder {index:11;}">
                <Coords points="5563,1189 5603,1205 5636,1187 5682,1189 5708,1202 5731,1197 5766,1215 5779,1057 5751,1070 5733,1050 5682,1088 5642,1072 5609,1088 5570,1085"/>
                <Baseline points="5580,1159 5598,1153 5688,1147 5777,1141"/>
                <TextEquiv>
                    <Unicode>3,20:3</Unicode>
                </TextEquiv>
            </TextLine>
            <TextLine id="tr_1_tl_13" custom="readingOrder {index:12;}">
                <Coords points="1258,1360 3210,1286 3276,1207 3121,1141 3004,1210 2498,1179 2386,1253 1260,1271"/>
                <Baseline points="1272,1338 1308,1332 1398,1332 1487,1326 1577,1320 1667,1308 1756,1308 1846,1302 1935,1302 2025,1296 2115,1290 2204,1290 2294,1284 2384,1278 2473,1272 2563,1266 2652,1266 2742,1260 2832,1254 2921,1254 3011,1248 3101,1242 3190,1236 3280,1236"/>
                <TextEquiv>
                    <Unicode>wohl wissen – einer davon, Hans Müller – Dachan,</Unicode>
                </TextEquiv>
            </TextLine>
            <TextLine id="tr_1_tl_14" custom="readingOrder {index:13;}">
                <Coords points="1250,1469 3095,1426 3202,1380 3205,1306 1255,1393"/>
                <Baseline points="1266,1457 1326,1457 1416,1445 1505,1445 1595,1439 1684,1434 1774,1422 1864,1422 1953,1416 2043,1416 2133,1410 2222,1410 2312,1404 2401,1404 2491,1398 2581,1398 2670,1392 2760,1392 2850,1386 2939,1380 3029,1380 3118,1368 3208,1362"/>
                <TextEquiv>
                    <Unicode>dessen Frau die Stieftochter von Kornz ist, ist</Unicode>
                </TextEquiv>
            </TextLine>
            <TextLine id="tr_1_tl_15" custom="readingOrder {index:14;}">
                <Coords points="3924,1436 4185,1423 4302,1471 4356,1451 4384,1474 4554,1410 4620,1413 4625,1306 4534,1349 4485,1316 4412,1337 4343,1296 4147,1327 4051,1288 3995,1327 3926,1334"/>
                <Baseline points="3937,1422 3997,1416 4086,1422 4176,1416 4266,1416 4355,1410 4445,1404 4535,1404 4624,1404"/>
                <TextEquiv>
                    <Unicode>Lieber Arthur!</Unicode>
                </TextEquiv>
            </TextLine>
            <TextLine id="tr_1_tl_16" custom="readingOrder {index:15;}">
                <Coords points="1278,1604 3227,1543 3271,1428 2211,1502 1845,1449 1281,1553"/>
                <Baseline points="1296,1583 1302,1577 1392,1571 1481,1571 1571,1571 1661,1565 1750,1559 1840,1553 1929,1547 2019,1541 2109,1541 2198,1535 2288,1529 2378,1523 2467,1523 2557,1523 2646,1517 2736,1517 2826,1511 2915,1505 3005,1499 3095,1493 3184,1487 3274,1487"/>
                <TextEquiv>
                    <Unicode>ein lieber Freund von uns. - Darf ich Ihnen noch</Unicode>
                </TextEquiv>
            </TextLine>
            <TextLine id="tr_1_tl_17" custom="readingOrder {index:16;}">
                <Coords points="3593,1682 3959,1675 4030,1728 4279,1659 4384,1703 4668,1639 4793,1680 5263,1609 5265,1548 4648,1537 4513,1601 3598,1563"/>
                <Baseline points="3608,1661 3656,1667 3746,1667 3835,1661 3925,1661 4015,1661 4104,1655 4194,1649 4284,1649 4373,1643 4463,1637 4553,1637 4642,1631 4732,1625 4821,1625 4911,1619 5001,1613 5090,1607 5180,1601 5270,1601"/>
                <TextEquiv>
                    <Unicode>In den letzten Wochen habe ich viel an</Unicode>
                </TextEquiv>
            </TextLine>
            <TextLine id="tr_1_tl_18" custom="readingOrder {index:17;}">
                <Coords points="1281,1726 2872,1680 3014,1626 3138,1675 3210,1565 1283,1662"/>
                <Baseline points="1296,1714 1332,1714 1422,1702 1511,1696 1601,1690 1690,1690 1780,1684 1870,1678 1959,1678 2049,1673 2139,1667 2228,1661 2318,1661 2407,1655 2497,1649 2587,1643 2676,1637 2766,1637 2856,1637 2945,1625 3035,1625 3124,1619 3214,1613"/>
                <TextEquiv>
                    <Unicode>von meinen Roberten erzählen? Ein ziemlich</Unicode>
                </TextEquiv>
            </TextLine>
            <TextLine id="tr_1_tl_19" custom="readingOrder {index:18;}">
                <Coords points="1276,1870 3225,1774 3230,1659 2945,1723 2081,1718 1982,1784 1629,1713 1278,1802"/>
                <Baseline points="1290,1840 1350,1834 1439,1822 1529,1816 1619,1816 1708,1810 1798,1810 1888,1804 1977,1804 2067,1798 2157,1792 2246,1792 2336,1780 2425,1774 2515,1774 2605,1768 2694,1762 2784,1762 2874,1756 2963,1750 3053,1744 3142,1738 3232,1732"/>
                <TextEquiv>
                    <Unicode>hroßer Roman „das grüne Band“ wird bald</Unicode>
                </TextEquiv>
            </TextLine>
            <TextLine id="tr_1_tl_20" custom="readingOrder {index:19;}">
                <Coords points="3456,1847 3626,1883 3718,1835 3814,1898 3947,1820 4099,1868 4201,1804 5085,1845 5276,1792 5278,1726 4429,1743 4343,1695 4239,1769 4099,1723 3698,1797 3459,1718"/>
                <Baseline points="3471,1822 3489,1822 3579,1822 3668,1822 3758,1822 3847,1822 3937,1816 4027,1810 4116,1804 4206,1804 4296,1798 4385,1792 4475,1792 4564,1792 4654,1792 4744,1798 4833,1792 4923,1786 5013,1780 5102,1774 5192,1774 5281,1774"/>
                <TextEquiv>
                    <Unicode>Sie gedacht. Nicht nur dadurch, daß ich jetzt</Unicode>
                </TextEquiv>
            </TextLine>
            <TextLine id="tr_1_tl_21" custom="readingOrder {index:20;}">
                <Coords points="1276,1959 1591,1997 1789,1939 1896,1997 2041,1926 3169,1926 3301,1858 3072,1794 2757,1870 1281,1878"/>
                <Baseline points="1290,1959 1332,1959 1422,1953 1511,1947 1601,1941 1690,1941 1780,1935 1870,1935 1959,1923 2049,1917 2139,1912 2228,1912 2318,1906 2407,1906 2497,1900 2587,1900 2676,1894 2766,1894 2856,1888 2945,1888 3035,1876 3124,1876 3214,1876 3304,1876"/>
                <TextEquiv>
                    <Unicode>bei Fischer erscheinen, ein kleinerer „das Mädchen</Unicode>
                </TextEquiv>
            </TextLine>
            <TextLine id="tr_1_tl_22" custom="readingOrder {index:21;}">
                <Coords points="3438,2010 4673,1947 5118,1990 5326,1931 5332,1840 4711,1903 4470,1837 4191,1919 3840,1883 3657,1954 3560,1903 3441,1967"/>
                <Baseline points="3453,1983 3543,1977 3632,1977 3722,1971 3812,1971 3901,1965 3991,1959 4080,1953 4170,1953 4260,1947 4349,1947 4439,1941 4529,1941 4618,1935 4708,1935 4797,1935 4887,1935 4977,1935 5066,1929 5156,1923 5246,1923 5335,1917"/>
                <TextEquiv>
                    <Unicode>eben wieder Teile der Liebelei, des Vermächt¬</Unicode>
                </TextEquiv>
            </TextLine>
            <TextLine id="tr_1_tl_23" custom="readingOrder {index:22;}">
                <Coords points="1271,2097 2780,2036 2849,2086 3293,2015 3296,1964 2922,1929 2813,1982 2663,1924 2437,2000 1273,2018"/>
                <Baseline points="1284,2085 1326,2091 1416,2085 1505,2079 1595,2079 1684,2073 1774,2067 1864,2061 1953,2055 2043,2049 2133,2049 2222,2049 2312,2043 2401,2037 2491,2037 2581,2037 2670,2031 2760,2025 2850,2025 2939,2019 3029,2013 3118,2007 3208,2001 3298,2001"/>
                <TextEquiv>
                    <Unicode>von Lille’ erscheint jetzt in der Freien Presse. Meine</Unicode>
                </TextEquiv>
            </TextLine>
            <TextLine id="tr_1_tl_24" custom="readingOrder {index:23;}">
                <Coords points="3448,2155 4053,2117 4241,2180 4567,2099 4714,2158 4793,2102 5367,2097 5382,2030 3454,2066"/>
                <Baseline points="3465,2133 3507,2133 3596,2133 3686,2127 3776,2121 3865,2115 3955,2115 4045,2109 4134,2109 4224,2103 4314,2103 4403,2097 4493,2097 4582,2091 4672,2091 4762,2091 4851,2085 4941,2085 5031,2079 5120,2073 5210,2073 5299,2073 5389,2073"/>
                <TextEquiv>
                    <Unicode>nisses und des einsamen Wegs mit neuem</Unicode>
                </TextEquiv>
            </TextLine>
            <TextLine id="tr_1_tl_25" custom="readingOrder {index:24;}">
                <Coords points="1263,2229 1360,2285 1504,2208 3232,2185 3301,2173 3306,2056 2991,2114 2678,2046 2523,2137 1545,2099 1263,2185"/>
                <Baseline points="1278,2210 1338,2216 1428,2210 1517,2204 1607,2204 1696,2192 1786,2192 1876,2192 1965,2186 2055,2180 2145,2174 2234,2174 2324,2168 2413,2168 2503,2162 2593,2162 2682,2162 2772,2157 2862,2151 2951,2145 3041,2139 3130,2133 3220,2139 3310,2133"/>
                <TextEquiv>
                    <Unicode>erste Dachauer Arbeit ist ein Lustspiel, das rasch</Unicode>
                </TextEquiv>
            </TextLine>
            <TextLine id="tr_1_tl_26" custom="readingOrder {index:25;}">
                <Coords points="3454,2379 4112,2277 4269,2335 4437,2272 5222,2315 5377,2206 4572,2155 4440,2229 3461,2224"/>
                <Baseline points="3471,2306 3501,2306 3591,2306 3680,2294 3770,2288 3859,2288 3949,2282 4039,2276 4128,2276 4218,2270 4308,2270 4397,2264 4487,2270 4576,2264 4666,2264 4756,2264 4845,2252 4935,2246 5025,2240 5114,2246 5204,2240 5293,2234 5383,2228"/>
                <TextEquiv>
                    <Unicode>Genuß und wirklicher Bererherung gelesen</Unicode>
                </TextEquiv>
            </TextLine>
            <TextLine id="tr_1_tl_27" custom="readingOrder {index:26;}">
                <Coords points="1276,2351 2742,2333 3192,2219 2833,2188 2239,2269 2084,2203 1926,2280 1464,2252 1276,2320"/>
                <Baseline points="1290,2342 1314,2342 1404,2348 1493,2342 1583,2336 1673,2330 1762,2318 1852,2318 1941,2312 2031,2312 2121,2306 2210,2300 2300,2300 2390,2294 2479,2294 2569,2288 2658,2288 2748,2288 2838,2276 2927,2270 3017,2270 3107,2258 3196,2252"/>
                <TextEquiv>
                    <Unicode>entsteht und im Sommer beendet sein wird. -</Unicode>
                </TextEquiv>
            </TextLine>
            <TextLine id="tr_1_tl_28" custom="readingOrder {index:27;}">
                <Coords points="554,2435 600,2437 625,2450 656,2427 696,2452 722,2452 737,2437 788,2452 800,2231 760,2239 717,2219 699,2234 651,2219 628,2239 567,2231"/>
                <Baseline points="573,2354 621,2354 711,2348 800,2342"/>
                <TextEquiv>
                    <Unicode>G.C.F.P</Unicode>
                </TextEquiv>
            </TextLine>
            <TextLine id="tr_1_tl_29" custom="readingOrder {index:28;}">
                <Coords points="1741,2442 2142,2478 2658,2401 2811,2460 3029,2399 3090,2445 3182,2379 3286,2404 3288,2340 3144,2300 3006,2358 2778,2307 2455,2381 2386,2333 2287,2391 2152,2340 1982,2391 1832,2328 1743,2356"/>
                <Baseline points="1756,2437 1768,2437 1858,2431 1947,2431 2037,2425 2127,2431 2216,2425 2306,2419 2396,2413 2485,2407 2575,2401 2664,2401 2754,2396 2844,2396 2933,2390 3023,2390 3113,2384 3202,2372 3292,2372"/>
                <TextEquiv>
                    <Unicode>Bitte, sagen die mir auch von Ihnen</Unicode>
                </TextEquiv>
            </TextLine>
            <TextLine id="tr_1_tl_30" custom="readingOrder {index:29;}">
                <Coords points="3443,2529 3682,2450 3908,2506 4069,2432 4869,2462 4953,2401 5370,2394 5372,2325 3448,2379"/>
                <Baseline points="3459,2455 3495,2455 3585,2455 3674,2449 3764,2443 3853,2437 3943,2437 4033,2431 4122,2425 4212,2425 4302,2419 4391,2419 4481,2413 4570,2413 4660,2407 4750,2407 4839,2401 4929,2401 5019,2396 5108,2396 5198,2396 5287,2384 5377,2384"/>
                <TextEquiv>
                    <Unicode>habe - auch was Ihre Freundschaft mir in</Unicode>
                </TextEquiv>
            </TextLine>
            <TextLine id="tr_1_tl_31" custom="readingOrder {index:30;}">
                <Coords points="5626,2470 5652,2473 5672,2452 5697,2462 5713,2447 5736,2445 5769,2468 5802,2457 5799,2346 5764,2353 5748,2366 5705,2361 5695,2371 5687,2363 5680,2371 5624,2371"/>
                <Baseline points="5640,2425 5730,2425 5807,2431"/>
                <TextEquiv>
                    <Unicode>G.C.F.P.</Unicode>
                </TextEquiv>
            </TextLine>
            <TextLine id="tr_1_tl_32" custom="readingOrder {index:31;}">
                <Coords points="1288,2582 1484,2628 1959,2562 2058,2617 2928,2523 3047,2577 3240,2541 3245,2457 2447,2447 1812,2544 1291,2498"/>
                <Baseline points="1302,2581 1368,2581 1457,2575 1547,2575 1637,2569 1726,2563 1816,2563 1906,2563 1995,2563 2085,2557 2174,2551 2264,2545 2354,2539 2443,2533 2533,2533 2623,2521 2712,2527 2802,2515 2891,2515 2981,2515 3071,2509 3160,2509 3250,2515"/>
                <TextEquiv>
                    <Unicode>Einiges, von den Thorpen und, wenn es geht,</Unicode>
                </TextEquiv>
            </TextLine>
            <TextLine id="tr_1_tl_33" custom="readingOrder {index:32;}">
                <Coords points="3443,2625 5296,2595 5461,2562 5464,2465 4218,2562 3698,2473 3446,2592"/>
                <Baseline points="3459,2617 3495,2611 3585,2611 3674,2611 3764,2605 3853,2599 3943,2593 4033,2593 4122,2587 4212,2587 4302,2581 4391,2575 4481,2569 4570,2569 4660,2563 4750,2563 4839,2557 4929,2551 5019,2551 5108,2551 5198,2551 5287,2551 5377,2545 5467,2539"/>
                <TextEquiv>
                    <Unicode>den xxx Jahren, die wir uns kennen, gegeben</Unicode>
                </TextEquiv>
            </TextLine>
            <TextLine id="tr_1_tl_34" custom="readingOrder {index:33;}">
                <Coords points="5581,2602 5598,2605 5611,2597 5662,2610 5680,2595 5692,2602 5700,2597 5708,2607 5766,2592 5781,2600 5786,2496 5761,2490 5743,2503 5725,2498 5697,2511 5654,2490 5624,2508 5611,2498 5601,2508 5586,2508"/>
                <Baseline points="5598,2569 5610,2569 5700,2563 5789,2563"/>
                <TextEquiv>
                    <Unicode>sse?8</Unicode>
                </TextEquiv>
            </TextLine>
            <TextLine id="tr_1_tl_35" custom="readingOrder {index:34;}">
                <Coords points="1301,2729 2539,2717 2907,2651 3199,2694 3271,2678 3276,2569 1865,2607 1728,2671 1565,2605 1301,2678"/>
                <Baseline points="1314,2712 1398,2706 1487,2706 1577,2700 1667,2694 1756,2694 1846,2688 1935,2688 2025,2682 2115,2676 2204,2676 2294,2670 2384,2670 2473,2664 2563,2658 2652,2658 2742,2652 2832,2646 2921,2646 3011,2646 3101,2640 3190,2640 3280,2640"/>
                <TextEquiv>
                    <Unicode>von Ihren Arbeiten. Mit großer Spannung, reif¬</Unicode>
                </TextEquiv>
            </TextLine>
            <TextLine id="tr_1_tl_36" custom="readingOrder {index:35;}">
                <Coords points="5578,2717 5644,2734 5675,2714 5703,2734 5731,2724 5751,2737 5786,2739 5789,2630 5764,2625 5748,2635 5731,2628 5703,2633 5659,2605 5611,2597 5601,2605 5583,2602"/>
                <Baseline points="5592,2700 5616,2700 5706,2694 5795,2694"/>
                <TextEquiv>
                    <Unicode>838.9</Unicode>
                </TextEquiv>
            </TextLine>
            <TextLine id="tr_1_tl_37" custom="readingOrder {index:36;}">
                <Coords points="3454,2839 3893,2760 4213,2828 4508,2742 4783,2788 4874,2724 5448,2811 5454,2701 4849,2625 4699,2694 3459,2706"/>
                <Baseline points="3471,2778 3483,2778 3573,2778 3662,2766 3752,2766 3841,2760 3931,2760 4021,2754 4110,2754 4200,2748 4290,2748 4379,2742 4469,2736 4558,2730 4648,2724 4738,2724 4827,2724 4917,2718 5007,2712 5096,2712 5186,2718 5275,2718 5365,2724 5455,2718"/>
                <TextEquiv>
                    <Unicode>hat, wird mir jetzt wieder besonders lebendig.</Unicode>
                </TextEquiv>
            </TextLine>
            <TextLine id="tr_1_tl_38" custom="readingOrder {index:37;}">
                <Coords points="1299,2902 1942,2813 2135,2874 2590,2841 2722,2780 2953,2841 3088,2775 3304,2795 3306,2706 2236,2760 2020,2701 1914,2773 1304,2790"/>
                <Baseline points="1314,2838 1338,2838 1428,2832 1517,2838 1607,2832 1696,2826 1786,2826 1876,2814 1965,2808 2055,2808 2145,2808 2234,2802 2324,2796 2413,2796 2503,2796 2593,2790 2682,2784 2772,2778 2862,2772 2951,2772 3041,2772 3130,2772 3220,2772 3310,2772"/>
                <TextEquiv>
                    <Unicode>ster Gaben gewärtig, sehe ich Ihren nächsten Wer¬</Unicode>
                </TextEquiv>
            </TextLine>
            <TextLine id="tr_1_tl_39" custom="readingOrder {index:38;}">
                <Coords points="5578,2854 5603,2849 5616,2859 5631,2851 5642,2859 5652,2849 5703,2869 5738,2844 5786,2851 5802,2836 5819,2836 5819,2752 5769,2737 5743,2765 5715,2757 5680,2773 5644,2765 5626,2773 5606,2757 5578,2755"/>
                <Baseline points="5592,2826 5682,2826 5771,2826 5825,2832"/>
                <TextEquiv>
                    <Unicode>3.14.84</Unicode>
                </TextEquiv>
            </TextLine>
            <TextLine id="tr_1_tl_40" custom="readingOrder {index:39;}">
                <Coords points="3494,2948 3980,2976 4114,2910 4196,2961 4755,2872 5171,2933 5385,2907 5387,2826 3497,2823"/>
                <Baseline points="3507,2921 3513,2915 3602,2915 3692,2915 3782,2909 3871,2909 3961,2903 4051,2903 4140,2897 4230,2897 4319,2891 4409,2891 4499,2885 4588,2879 4678,2879 4768,2874 4857,2874 4947,2874 5036,2874 5126,2874 5216,2874 5305,2868 5395,2868"/>
                <TextEquiv>
                    <Unicode>Das hängt ohne Zweifel mit der wichtigen,</Unicode>
                </TextEquiv>
            </TextLine>
            <TextLine id="tr_1_tl_41" custom="readingOrder {index:40;}">
                <Coords points="1311,2963 1672,3001 2907,2905 3273,2950 3301,2846 2389,2816 2262,2884 2010,2836 1903,2920 1311,2894"/>
                <Baseline points="1326,2957 1332,2957 1422,2957 1511,2957 1601,2957 1690,2951 1780,2945 1870,2939 1959,2933 2049,2927 2139,2927 2228,2921 2318,2921 2407,2915 2497,2909 2587,2909 2676,2909 2766,2903 2856,2903 2945,2897 3035,2897 3124,2897 3214,2903 3304,2915"/>
                <TextEquiv>
                    <Unicode>ken entgegen. Meine Frau grüßt sie herzlich,</Unicode>
                </TextEquiv>
            </TextLine>
            <TextLine id="tr_1_tl_42" custom="readingOrder {index:41;}">
                <Coords points="5593,2986 5629,2999 5636,2991 5687,2986 5703,2996 5710,2989 5725,2994 5748,2983 5756,2991 5809,2991 5814,2879 5758,2894 5695,2884 5662,2902 5644,2892 5631,2897 5624,2887 5596,2892"/>
                <Baseline points="5610,2957 5640,2957 5730,2951 5819,2951"/>
                <TextEquiv>
                    <Unicode>600.00</Unicode>
                </TextEquiv>
            </TextLine>
            <TextLine id="tr_1_tl_43" custom="readingOrder {index:42;}">
                <Coords points="526,3085 539,3088 546,3080 562,3093 582,3093 592,3108 618,3093 628,3098 645,3090 679,3090 706,2948 694,2945 676,2953 666,2945 633,2963 615,2963 605,2955 587,2966 554,2953"/>
                <Baseline points="549,3041 609,3035 699,3011"/>
                <TextEquiv>
                    <Unicode>* *</Unicode>
                </TextEquiv>
            </TextLine>
            <TextLine id="tr_1_tl_44" custom="readingOrder {index:43;}">
                <Coords points="3474,3075 3817,3141 3957,3083 4135,3121 4259,3047 5299,3070 5385,3052 5390,2907 4955,2994 4856,2938 4351,3011 3476,2978"/>
                <Baseline points="3489,3071 3513,3071 3602,3071 3692,3065 3782,3065 3871,3059 3961,3059 4051,3059 4140,3053 4230,3047 4319,3047 4409,3041 4499,3035 4588,3035 4678,3035 4768,3029 4857,3023 4947,3023 5036,3023 5126,3023 5216,3023 5305,3017 5395,3017"/>
                <TextEquiv>
                    <Unicode>neuen Zeit zusammen, die für mich und</Unicode>
                </TextEquiv>
            </TextLine>
            <TextLine id="tr_1_tl_45" custom="readingOrder {index:44;}">
                <Coords points="1291,3136 2696,3029 2994,3085 3316,3049 3319,2961 2292,3011 2081,2945 1860,3032 1431,2994 1293,3057"/>
                <Baseline points="1308,3095 1350,3089 1439,3083 1529,3083 1619,3077 1708,3071 1798,3065 1888,3065 1977,3059 2067,3053 2157,3047 2246,3047 2336,3041 2425,3035 2515,3035 2605,3035 2694,3029 2784,3023 2874,3023 2963,3023 3053,3023 3142,3029 3232,3029 3322,3035"/>
                <TextEquiv>
                    <Unicode>auch meine Mutter, die mit uns nach Dachau</Unicode>
                </TextEquiv>
            </TextLine>
            <TextLine id="tr_1_tl_46" custom="readingOrder {index:45;}">
                <Coords points="5591,3118 5659,3126 5690,3108 5746,3105 5809,3141 5804,3019 5779,3009 5769,3014 5733,2986 5703,2996 5649,2983 5634,2996 5588,2994"/>
                <Baseline points="5604,3083 5694,3089 5783,3089 5813,3089"/>
                <TextEquiv>
                    <Unicode>620•3.</Unicode>
                </TextEquiv>
            </TextLine>
            <TextLine id="tr_1_tl_47" custom="readingOrder {index:46;}">
                <Coords points="1319,3255 1774,3202 1921,3245 2122,3187 2333,3225 2435,3174 2584,3220 2696,3161 2915,3169 2917,3100 2069,3090 1850,3149 1789,3100 1321,3177"/>
                <Baseline points="1332,3214 1398,3214 1487,3208 1577,3202 1667,3196 1756,3190 1846,3184 1935,3184 2025,3190 2115,3184 2204,3178 2294,3178 2384,3166 2473,3166 2563,3160 2652,3154 2742,3148 2832,3148 2921,3148"/>
                <TextEquiv>
                    <Unicode>gezogen ist - ich bleibe Ihr getreuer</Unicode>
                </TextEquiv>
            </TextLine>
            <TextLine id="tr_1_tl_48" custom="readingOrder {index:47;}">
                <Coords points="3482,3278 4488,3266 4653,3207 4854,3273 5194,3245 5459,3205 5464,3098 3484,3187"/>
                <Baseline points="3495,3244 3585,3244 3674,3244 3764,3238 3853,3232 3943,3232 4033,3226 4122,3220 4212,3220 4302,3214 4391,3208 4481,3208 4570,3202 4660,3202 4750,3196 4839,3190 4929,3184 5019,3184 5108,3178 5198,3178 5287,3178 5377,3178 5467,3178"/>
                <TextEquiv>
                    <Unicode>die Meinen durch unsere Übersiedelung an¬</Unicode>
                </TextEquiv>
            </TextLine>
            <TextLine id="tr_1_tl_49" custom="readingOrder {index:48;}">
                <Coords points="2391,3382 2569,3385 2747,3309 2877,3390 2989,3357 3055,3387 3151,3375 3156,3217 2910,3205 2790,3243 2704,3199 2633,3260 2546,3258 2483,3222 2394,3243"/>
                <Baseline points="2407,3316 2443,3316 2533,3316 2623,3310 2712,3304 2802,3298 2891,3298 2981,3298 3071,3298 3160,3304"/>
                <TextEquiv>
                    <Unicode>Georg Hirschfeld.</Unicode>
                </TextEquiv>
            </TextLine>
            <TextLine id="tr_1_tl_50" custom="readingOrder {index:49;}">
                <Coords points="5075,3387 5138,3405 5166,3382 5179,3390 5217,3370 5344,3347 5454,3367 5454,3273 5367,3266 5354,3276 5304,3232 5288,3243 5238,3222 5156,3268 5075,3276"/>
                <Baseline points="5090,3310 5102,3310 5192,3310 5281,3316 5371,3310 5461,3304"/>
                <TextEquiv>
                    <Unicode>gefangen.</Unicode>
                </TextEquiv>
            </TextLine>
            <TextLine id="tr_1_tl_51" custom="readingOrder {index:50;}">
                <Coords points="597,3964 643,3975 732,3957 762,3977 795,3959 821,3972 841,3962 915,3972 920,3858 872,3847 846,3863 780,3837 745,3855 694,3847 676,3863 656,3847 602,3868"/>
                <Baseline points="609,3967 651,3967 740,3955 830,3955 920,3949"/>
                <TextEquiv>
                    <Unicode>Ouonnier</Unicode>
                </TextEquiv>
            </TextLine>
            <TextLine id="tr_1_tl_52" custom="readingOrder {index:51;}">
                <Coords points="4783,4079 4811,4091 4841,4084 4861,4063 4978,4089 5006,4076 5029,4086 5047,4071 5085,4074 5088,3964 5070,3959 5052,3977 5034,3972 5016,3985 4955,3982 4930,4008 4894,4015 4874,3997 4823,4018 4783,4010"/>
                <Baseline points="4797,4074 4821,4074 4911,4074 5001,4074 5090,4069"/>
                <TextEquiv>
                    <Unicode>G.H.F.P.</Unicode>
                </TextEquiv>
            </TextLine>
        </TextRegion>
    </Page>
</PcGts>
