3859 4392
2635 353 3103 531 4.3.1924.
361 246 995 523 Georg Hirschfeld
337 487 1003 650 München-Großhaders
424 586 531 753 55
1395 626 2156 935 Lieber Aothur!
3467 789 3594 979 G.F.P.
729 899 3229 1110 Nun bin ich zu meinen Arbeiten zurückgekehrt und
293 1098 3222 1264 gedenke dankbar der in Wien erlebten Tage. Lassen Sie mich
277 1236 3257 1426 bitte aussprechen, daß das Wiedersehen mit Ihnen, der mir ja
273 1351 3245 1569 im tiefsten Sinne Wien bedeutet, mir besonders lieb und
254 1506 3400 1755 wert ist. Ich konnte wieder bei Ihnen sein, wie in althungen
273 1672 3400 1930 Tagen, ich leonte Ihre Kinder kennen und konnte Ihnen mei¬
254 1823 3384 2108 ne Frau zuführen. Es ist eine schöne Aussicht für uns, wenn
254 2057 3432 2282 es praktisch irgend ausführbar ist, im Mai für etwas längere
234 2152 2393 2385 Zeit nach Wien zurückkehren zu können.
761 2314 3408 2595 Die schöne Aufführung von „Agnes Jordan“ im Burg¬
218 2516 3328 2706 theater hat mir auch viel gegeben, aber über ihre Bedeutung
186 2591 424 2691 an p
234 2607 3384 2885 hinaus mußte ich Hoffnungen davon knüpfen, die ich nun
238 2770 3285 2980 schon leider wieder bedroht sehe. Es drängt mich, Ihnen, der
210 2980 3360 3166 besten, einzigen Stelle, dem Freunde und Halt, den ich in Wien
210 3075 3253 3328 besitze, davon zu sprechen, Ihren Kat, wenn möglich Ihnen
218 3293 3388 3475 gütigen Beistand zu erbitten. Obwohl wir uns so lange nicht
214 3408 3325 3634 gesehen hatten, ist es gewiß Ihrem Urteil nicht entgangen, in
210 3578 3344 3804 welcher Situation ich bin, und was mir jetzt gerade nottut. Ich
202 3677 3372 3919 habe im Existenzkampf mit aller verfugbaren Kraft gearbeitet
206 3820 3218 4073 und die schwierigste Zeit für mich und die Meinen überwinden.
222 4022 3344 4244 hauptsächlich als Erzähler – als Dramatiker konnte ich mich nach
