4058 4600
489 363 1107 546 Georg Hirschfeld
2495 385 3092 651 26.7.1929.
467 514 1111 654 Mänchea-Greßhafers
665 604 938 780 Post 55.
1506 762 2175 978 Lieber Arthur!
1086 999 3419 1197 Es ist mir ein Bedürfnis, Ihnen einen Hauß zu senden,
708 1150 3376 1316 in der Zeit, da Hofmannsthal, der so tief Lebendige, seinen
1895 1247 2099 1323 G.C.H.S
719 1301 3415 1474 Freunden entschwunden ist. – Ihnen gewiß zumerst. Ich möchte
697 1442 3455 1611 auch ein Menschenalter nach meiner ersten Begegnung mit
723 1575 3516 1772 ihm, die ich Ihnen dankte, mein Gefühl von diesem seltenen,
705 1736 3545 1902 großen Künstler Ihnen nahe wissen. Wie von gestern stehen
719 1819 3523 2020 de unvergestlichen Abende vor mir, da Sie uns Ihre Werke,
719 1981 3545 2182 M eben vollendeten, vorlasen – ich seß neben Hofmannsthal¬
726 2121 3581 2340 ich genaß mit ihm die unwiederbringliche Sphäre schöpferischer
719 2279 3512 2437 Freundschaft. Auch Herr Hofmanns gedenke ich. Nun muß
723 2380 3462 2585 der starke oesterreichische Geist an Ihnen und an ihm den
726 2549 3480 2743 Halt haben. Vor zwei Jahren sah ich Hofmannsthal zuletzt,
3678 2675 3782 2829 t.
719 2736 3545 2865 in unserm Salzburg, und wurde von dem Gefühl des Bruchs
3674 2815 3778 2908 Amie
719 2822 3584 3002 in ihm ergriffen – diese Gefühle kommen den Furückbleiben.
715 2966 3577 3131 den nach der Katastrophe wohl oft und dann aus Neser mehr
3685 2919 3818 3192 G.O.S.
723 3142 3509 3289 als aus dem wirklichen Eindruck. Aber meine Begegnung
705 3268 3595 3430 mit Hofmannsthal litt wirklich, noch vertragt, unter solchem
726 3397 3581 3570 druck. Als ich nun vom Tode seines Sohnes gehört, schrieb
737 3523 3563 3688 ich ihm die Worte, die ich finden konnte – und sie kamen zu
741 3656 1549 3857 ihm, dem Toten.
1273 3692 3386 3972 Tragik – dieses Ende. Colesen, unvergeßbar der
748 3926 3498 4073 Dichter und der Mensch. Es bleibt um ihn ein trauriger,
751 4066 3473 4260 suster Ton zurück in dem Zeitraum, den wir Lebenden
2531 4152 3415 4382 Matten können.
