<?xml version="1.0" encoding="UTF-8" standalone="yes"?>
<PcGts xmlns="http://schema.primaresearch.org/PAGE/gts/pagecontent/2013-07-15" xmlns:xsi="http://www.w3.org/2001/XMLSchema-instance" xsi:schemaLocation="http://schema.primaresearch.org/PAGE/gts/pagecontent/2013-07-15 http://schema.primaresearch.org/PAGE/gts/pagecontent/2013-07-15/pagecontent.xsd">
    <Metadata>
        <Creator>prov=READ-COOP:name=TrHtr:version=2.1.0:model_id=51170:date=25_07_2023_05:13</Creator>
        <Created>2023-05-01T21:56:01.006+02:00</Created>
        <LastChange>2023-07-25T05:13:43.003+02:00</LastChange>
        <TranskribusMetadata docId="1416435" pageId="54946360" pageNr="101" tsid="130585747" status="IN_PROGRESS" userId="64420" imgUrl="https://files.transkribus.eu/Get?id=WXWKQITWNEFQDFXCFFUCBKVB&amp;fileType=view" xmlUrl="https://files.transkribus.eu/Get?id=WPQLRBYTGXDHTUMKDVVBRYUQ" imageId="44450445"/>
    </Metadata>
    <Page imageFilename="1416435_0101.jpg" imageWidth="4072" imageHeight="4297">
        <ReadingOrder>
            <OrderedGroup id="ro_1711831718276" caption="Regions reading order">
                <RegionRefIndexed index="0" regionRef="tr_1"/>
            </OrderedGroup>
        </ReadingOrder>
        <TextRegion id="tr_1" custom="readingOrder {index:0;}">
            <Coords points="104,934 3998,934 3998,3644 104,3644"/>
            <TextLine id="tr_1_tl_1" custom="readingOrder {index:0;}">
                <Coords points="3835,1018 3861,1023 3870,1016 3882,1025 3887,1020 3896,1025 3924,1009 3962,1013 3962,870 3943,870 3934,863 3915,878 3903,870 3861,899 3849,887 3835,887"/>
                <Baseline points="3849,990 3879,984 3923,984 3968,987"/>
                <TextEquiv>
                    <Unicode>Sir</Unicode>
                </TextEquiv>
            </TextLine>
            <TextLine id="tr_1_tl_2" custom="readingOrder {index:1;}">
                <Coords points="2186,1051 2597,1072 3166,1011 3657,1074 3791,1051 3793,906 3561,955 3480,892 3313,943 2871,894 2675,969 2356,927 2188,969"/>
                <Baseline points="2199,1032 2232,1035 2276,1032 2321,1032 2366,1029 2411,1032 2455,1029 2500,1032 2545,1029 2590,1026 2634,1023 2679,1023 2724,1020 2769,1020 2813,1020 2858,1020 2903,1017 2948,1011 2992,1011 3037,1011 3082,1011 3127,1011 3172,1011 3216,1008 3261,1011 3306,1011 3351,1011 3395,1011 3440,1011 3485,1011 3530,1008 3574,1005 3619,1005 3664,1005 3709,1002 3753,1002 3798,1002"/>
                <TextEquiv>
                    <Unicode>Wassermann, Salten wiederseh.</Unicode>
                </TextEquiv>
            </TextLine>
            <TextLine id="tr_1_tl_3" custom="readingOrder {index:2;}">
                <Coords points="248,1198 519,1137 674,1196 775,1137 1647,1126 1760,1100 1762,1053 1580,992 1306,999 1231,1046 1135,1016 1020,1081 716,1030 456,1088 253,1067"/>
                <Baseline points="262,1151 286,1151 331,1151 375,1148 420,1145 465,1142 510,1145 555,1142 599,1136 644,1136 689,1136 734,1136 778,1136 823,1133 868,1133 913,1133 957,1136 1002,1133 1047,1130 1092,1127 1136,1121 1181,1116 1226,1113 1271,1110 1315,1110 1360,1107 1405,1104 1450,1104 1494,1101 1539,1098 1584,1098 1629,1095 1674,1092 1718,1092 1763,1095"/>
                <TextEquiv>
                    <Unicode>Ihrem Befinden. Von mir kann</Unicode>
                </TextEquiv>
            </TextLine>
            <TextLine id="tr_1_tl_4" custom="readingOrder {index:3;}">
                <Coords points="2822,1130 2998,1109 3023,1135 3100,1126 3145,1156 3201,1121 3218,1126 3220,1041 3164,1053 3119,1020 3082,1039 3065,1032 3033,1060 2991,1051 2913,1081 2822,1081"/>
                <Baseline points="2834,1116 2864,1113 2909,1110 2954,1107 2998,1104 3043,1101 3088,1101 3133,1101 3177,1104 3222,1107"/>
                <TextEquiv>
                    <Unicode>entbehrte ich,</Unicode>
                </TextEquiv>
            </TextLine>
            <TextLine id="tr_1_tl_5" custom="readingOrder {index:4;}">
                <Coords points="2183,1203 2635,1250 2768,1184 3157,1245 3250,1177 3456,1245 3557,1186 3973,1163 3976,1060 3709,1102 3466,1062 3161,1142 2855,1142 2735,1083 2541,1163 2349,1086 2186,1123"/>
                <Baseline points="2199,1190 2235,1187 2279,1187 2324,1190 2369,1190 2414,1190 2458,1190 2503,1187 2548,1184 2593,1187 2637,1184 2682,1181 2727,1181 2772,1184 2816,1184 2861,1184 2906,1187 2951,1181 2995,1178 3040,1175 3085,1175 3130,1175 3175,1175 3219,1175 3264,1172 3309,1175 3354,1172 3398,1172 3443,1172 3488,1169 3533,1169 3577,1166 3622,1163 3667,1163 3712,1160 3756,1160 3801,1160 3846,1157 3891,1154 3935,1154 3980,1148"/>
                <TextEquiv>
                    <Unicode>und in Ihnen was y besonders gaa¬</Unicode>
                </TextEquiv>
            </TextLine>
            <TextLine id="tr_1_tl_6" custom="readingOrder {index:5;}">
                <Coords points="112,1395 384,1306 501,1378 908,1287 1081,1329 1252,1282 1355,1338 1500,1271 1851,1275 1858,1158 1544,1128 1156,1243 1072,1189 894,1240 629,1177 281,1268 122,1245"/>
                <Baseline points="131,1318 158,1315 202,1312 247,1309 292,1309 337,1307 381,1304 426,1304 471,1304 516,1298 560,1298 605,1295 650,1292 695,1286 740,1286 784,1283 829,1280 874,1277 919,1274 963,1277 1008,1274 1053,1268 1098,1268 1142,1265 1187,1256 1232,1253 1277,1247 1321,1244 1366,1244 1411,1241 1456,1241 1500,1238 1545,1238 1590,1238 1635,1241 1680,1241 1724,1238 1769,1238 1814,1235 1859,1238"/>
                <TextEquiv>
                    <Unicode>sagen: ich halte mich nach Furchtbar</Unicode>
                </TextEquiv>
            </TextLine>
            <TextLine id="tr_1_tl_7" custom="readingOrder {index:6;}">
                <Coords points="2200,1383 2628,1350 2712,1411 2927,1341 3281,1416 3992,1343 3992,1289 3838,1240 3627,1296 3250,1219 2937,1296 2822,1231 2443,1322 2202,1287"/>
                <Baseline points="2214,1360 2252,1357 2297,1354 2342,1354 2387,1351 2431,1351 2476,1348 2521,1345 2566,1345 2611,1345 2655,1345 2700,1342 2745,1342 2790,1342 2834,1339 2879,1339 2924,1339 2969,1339 3013,1339 3058,1342 3103,1342 3148,1342 3192,1342 3237,1342 3282,1345 3327,1345 3371,1342 3416,1342 3461,1339 3506,1336 3550,1330 3595,1330 3640,1330 3685,1327 3730,1327 3774,1324 3819,1324 3864,1324 3909,1324 3953,1324 3998,1321"/>
                <TextEquiv>
                    <Unicode>Aber man soll die Hoffnung nicht al¬</Unicode>
                </TextEquiv>
            </TextLine>
            <TextLine id="tr_1_tl_8" custom="readingOrder {index:7;}">
                <Coords points="140,1549 585,1530 695,1472 1451,1507 1565,1418 1682,1488 1757,1465 1764,1289 1481,1280 1294,1374 1133,1322 1055,1367 744,1334 498,1418 402,1362 147,1371"/>
                <Baseline points="158,1462 196,1459 241,1456 286,1453 331,1453 375,1453 420,1453 465,1453 510,1453 555,1450 599,1444 644,1444 689,1441 734,1435 778,1435 823,1432 868,1429 913,1426 957,1426 1002,1423 1047,1420 1092,1417 1136,1414 1181,1414 1226,1411 1271,1411 1315,1411 1360,1411 1405,1411 1450,1408 1494,1411 1539,1411 1584,1414 1629,1417 1674,1417 1718,1420 1763,1426"/>
                <TextEquiv>
                    <Unicode>fecten in Arbeitszuversetzt. Ich</Unicode>
                </TextEquiv>
            </TextLine>
            <TextLine id="tr_1_tl_9" custom="readingOrder {index:8;}">
                <Coords points="2228,1519 2473,1575 2555,1514 2647,1558 2845,1493 3143,1565 3283,1509 3489,1547 3980,1493 3983,1425 2230,1430"/>
                <Baseline points="2241,1512 2282,1509 2327,1506 2372,1500 2417,1497 2461,1497 2506,1500 2551,1497 2596,1494 2640,1494 2685,1494 2730,1494 2775,1492 2819,1489 2864,1489 2909,1489 2954,1489 2998,1489 3043,1492 3088,1489 3133,1489 3177,1492 3222,1492 3267,1489 3312,1486 3357,1486 3401,1486 3446,1486 3491,1486 3536,1489 3580,1486 3625,1483 3670,1483 3715,1480 3759,1480 3804,1480 3849,1477 3894,1477 3938,1477 3983,1483"/>
                <TextEquiv>
                    <Unicode>Man hängt onn ursprünglich als wer¬</Unicode>
                </TextEquiv>
            </TextLine>
            <TextLine id="tr_1_tl_10" custom="readingOrder {index:9;}">
                <Coords points="89,1673 360,1692 524,1633 597,1682 943,1608 1708,1636 1919,1572 1921,1498 1486,1526 1217,1462 1027,1549 653,1486 475,1565 94,1526"/>
                <Baseline points="104,1611 134,1614 179,1614 223,1611 268,1611 313,1611 358,1611 402,1611 447,1608 492,1608 537,1608 581,1605 626,1602 671,1596 716,1596 760,1590 805,1590 850,1584 895,1584 939,1581 984,1581 1029,1578 1074,1575 1119,1575 1163,1572 1208,1569 1253,1563 1298,1563 1342,1563 1387,1563 1432,1560 1477,1560 1521,1557 1566,1554 1611,1554 1656,1557 1700,1557 1745,1557 1790,1557 1835,1557 1879,1557 1924,1560"/>
                <TextEquiv>
                    <Unicode>mancher Hinsicht ein Anderer gewor¬</Unicode>
                </TextEquiv>
            </TextLine>
            <TextLine id="tr_1_tl_11" custom="readingOrder {index:10;}">
                <Coords points="2232,1664 3119,1626 3309,1673 3442,1619 3655,1682 3826,1617 3992,1636 3994,1540 3835,1561 3697,1500 3370,1601 3276,1528 3016,1596 2904,1549 2764,1615 2235,1561"/>
                <Baseline points="2246,1656 2252,1656 2297,1650 2342,1647 2387,1644 2431,1644 2476,1641 2521,1638 2566,1638 2611,1635 2655,1632 2700,1638 2745,1632 2790,1632 2834,1632 2879,1626 2924,1626 2969,1623 3013,1626 3058,1623 3103,1623 3148,1620 3192,1620 3237,1617 3282,1617 3327,1617 3371,1617 3416,1614 3461,1614 3506,1614 3550,1614 3595,1614 3640,1614 3685,1614 3730,1614 3774,1614 3819,1614 3864,1614 3909,1614 3953,1611 3998,1614"/>
                <TextEquiv>
                    <Unicode>kannten, über neue, alte Hemme</Unicode>
                </TextEquiv>
            </TextLine>
            <TextLine id="tr_1_tl_12" custom="readingOrder {index:11;}">
                <Coords points="91,1792 440,1790 707,1867 945,1767 1835,1769 1900,1825 1926,1671 1423,1640 1083,1699 849,1640 353,1732 96,1671"/>
                <Baseline points="104,1790 140,1787 185,1784 229,1778 274,1778 319,1778 364,1778 408,1775 453,1769 498,1763 543,1763 587,1760 632,1757 677,1757 722,1757 766,1754 811,1754 856,1748 901,1742 945,1736 990,1736 1035,1730 1080,1727 1124,1727 1169,1724 1214,1724 1259,1721 1304,1718 1348,1718 1393,1715 1438,1715 1483,1715 1527,1712 1572,1712 1617,1709 1662,1709 1706,1712 1751,1712 1796,1712 1841,1712 1885,1715 1930,1721"/>
                <TextEquiv>
                    <Unicode>thur. Dinge, denen ich nicht entgehen</Unicode>
                </TextEquiv>
            </TextLine>
            <TextLine id="tr_1_tl_13" custom="readingOrder {index:12;}">
                <Coords points="2232,1802 2391,1842 3320,1781 3416,1853 3587,1774 3931,1795 3990,1774 3992,1664 3751,1729 3000,1692 2899,1736 2558,1680 2235,1718"/>
                <Baseline points="2246,1796 2249,1796 2294,1793 2339,1790 2384,1790 2428,1790 2473,1787 2518,1787 2563,1787 2608,1784 2652,1784 2697,1784 2742,1781 2787,1781 2831,1778 2876,1778 2921,1778 2966,1778 3010,1781 3055,1781 3100,1781 3145,1778 3189,1778 3234,1778 3279,1778 3324,1778 3368,1775 3413,1775 3458,1775 3503,1775 3548,1769 3592,1769 3637,1766 3682,1769 3727,1766 3771,1766 3816,1769 3861,1766 3906,1766 3950,1763 3995,1763"/>
                <TextEquiv>
                    <Unicode>trotz Bitterkeit, die nach einer Leb</Unicode>
                </TextEquiv>
            </TextLine>
            <TextLine id="tr_1_tl_14" custom="readingOrder {index:13;}">
                <Coords points="187,1949 627,1975 978,1900 1596,1945 1790,1926 1795,1830 1158,1790 978,1865 810,1823 190,1881"/>
                <Baseline points="199,1933 232,1933 277,1933 322,1927 367,1927 411,1924 456,1921 501,1921 546,1918 590,1918 635,1915 680,1912 725,1909 769,1906 814,1906 859,1906 904,1909 948,1903 993,1894 1038,1891 1083,1891 1127,1891 1172,1885 1217,1882 1262,1879 1307,1879 1351,1876 1396,1876 1441,1876 1486,1879 1530,1876 1575,1876 1620,1873 1665,1873 1709,1870 1754,1870 1799,1876"/>
                <TextEquiv>
                    <Unicode>vollziehen sich, vollzogen sich im</Unicode>
                </TextEquiv>
            </TextLine>
            <TextLine id="tr_1_tl_15" custom="readingOrder {index:14;}">
                <Coords points="2230,1945 2471,1998 2625,1942 2738,1994 2822,1938 3290,1923 3510,1980 3753,1919 3814,1975 3950,1921 3950,1844 3269,1830 3072,1898 2955,1844 2607,1839 2232,1902"/>
                <Baseline points="2246,1942 2255,1939 2300,1939 2345,1936 2390,1936 2434,1936 2479,1936 2524,1936 2569,1930 2614,1930 2658,1930 2703,1930 2748,1930 2793,1933 2837,1933 2882,1930 2927,1930 2972,1927 3016,1927 3061,1924 3106,1924 3151,1921 3195,1921 3240,1921 3285,1921 3330,1921 3374,1921 3419,1921 3464,1918 3509,1918 3553,1918 3598,1915 3643,1915 3688,1909 3733,1912 3777,1912 3822,1912 3867,1912 3912,1909 3956,1909"/>
                <TextEquiv>
                    <Unicode>wie ich sie hinter mir weiß, nicht.</Unicode>
                </TextEquiv>
            </TextLine>
            <TextLine id="tr_1_tl_16" custom="readingOrder {index:15;}">
                <Coords points="98,2127 538,2155 1055,2080 1851,2125 1893,1970 103,2005"/>
                <Baseline points="113,2103 152,2100 196,2106 241,2103 286,2100 331,2100 375,2094 420,2085 465,2082 510,2079 555,2079 599,2076 644,2073 689,2073 734,2073 778,2070 823,2067 868,2064 913,2061 957,2058 1002,2058 1047,2055 1092,2058 1136,2055 1181,2055 1226,2053 1271,2050 1315,2050 1360,2050 1405,2047 1450,2047 1494,2047 1539,2050 1584,2047 1629,2044 1674,2044 1718,2047 1763,2050 1808,2047 1853,2047 1897,2050"/>
                <TextEquiv>
                    <Unicode>Jahr, ich sehe meine Hoffnungen sehr</Unicode>
                </TextEquiv>
            </TextLine>
            <TextLine id="tr_1_tl_17" custom="readingOrder {index:16;}">
                <Coords points="2225,2150 2434,2087 2703,2090 2754,2141 2841,2083 3922,2104 3983,2097 3985,1954 3695,1973 3587,2040 2993,1973 2410,2055 2228,2024"/>
                <Baseline points="2241,2094 2243,2094 2288,2094 2333,2091 2378,2088 2423,2088 2467,2085 2512,2085 2557,2082 2602,2082 2646,2079 2691,2079 2736,2079 2781,2079 2825,2079 2870,2073 2915,2073 2960,2073 3004,2070 3049,2070 3094,2067 3139,2064 3183,2064 3228,2067 3273,2067 3318,2067 3362,2067 3407,2067 3452,2067 3497,2067 3542,2064 3586,2064 3631,2064 3676,2064 3721,2061 3765,2061 3810,2061 3855,2061 3900,2058 3944,2053 3989,2053"/>
                <TextEquiv>
                    <Unicode>ist. Aber ich komme eben aus die</Unicode>
                </TextEquiv>
            </TextLine>
            <TextLine id="tr_1_tl_18" custom="readingOrder {index:17;}">
                <Coords points="2232,2319 3016,2314 3239,2237 3505,2237 3620,2293 3737,2221 3919,2223 3922,2139 3812,2176 3702,2108 3540,2113 3330,2179 3047,2108 2904,2181 2820,2136 2499,2188 2366,2125 2235,2179"/>
                <Baseline points="2246,2249 2276,2249 2321,2243 2366,2243 2411,2241 2455,2241 2500,2238 2545,2238 2590,2238 2634,2238 2679,2235 2724,2232 2769,2229 2813,2226 2858,2223 2903,2220 2948,2232 2948,2232 2995,2229 3040,2226 3085,2229 3130,2229 3175,2226 3219,2226 3264,2223 3309,2223 3354,2220 3398,2220 3443,2220 3488,2217 3533,2211 3577,2211 3622,2211 3667,2208 3712,2208 3756,2208 3801,2208 3846,2208 3891,2205 3926,2208"/>
                <TextEquiv>
                    <Unicode>sommelieren Garten und sende</Unicode>
                </TextEquiv>
            </TextLine>
            <TextLine id="tr_1_tl_19" custom="readingOrder {index:18;}">
                <Coords points="157,2265 571,2307 695,2251 768,2289 875,2237 938,2289 1196,2228 1788,2303 1814,2150 159,2181"/>
                <Baseline points="170,2255 208,2258 253,2255 298,2255 343,2252 387,2249 432,2249 477,2246 522,2243 566,2241 611,2241 656,2235 701,2235 746,2232 790,2232 835,2232 880,2232 925,2229 969,2229 1014,2229 1059,2229 1104,2229 1148,2226 1193,2223 1238,2220 1283,2220 1327,2220 1372,2217 1417,2214 1462,2214 1506,2214 1551,2211 1596,2208 1641,2208 1685,2208 1730,2208 1775,2205 1820,2211"/>
                <TextEquiv>
                    <Unicode>aber ich habe Aufgaben - meine</Unicode>
                </TextEquiv>
            </TextLine>
            <TextLine id="tr_1_tl_20" custom="readingOrder {index:19;}">
                <Coords points="91,2429 1792,2389 1778,2293 1418,2326 1278,2277 1154,2361 730,2282 292,2326 98,2242"/>
                <Baseline points="104,2426 143,2423 187,2420 232,2420 277,2414 322,2414 367,2414 411,2411 456,2408 501,2408 546,2405 590,2402 635,2402 680,2402 725,2402 769,2402 814,2399 859,2396 904,2396 948,2396 993,2396 1038,2390 1083,2393 1127,2390 1172,2387 1217,2381 1262,2378 1307,2378 1351,2375 1396,2375 1441,2372 1486,2372 1530,2369 1575,2369 1620,2369 1665,2369 1709,2369 1754,2369 1799,2372"/>
                <TextEquiv>
                    <Unicode>und meine Mutter. Zeit einem</Unicode>
                </TextEquiv>
            </TextLine>
            <TextLine id="tr_1_tl_21" custom="readingOrder {index:20;}">
                <Coords points="2232,2420 2417,2455 2485,2420 2583,2476 2663,2445 2735,2466 2799,2452 2862,2408 2960,2429 2962,2352 2918,2356 2845,2307 2735,2324 2661,2296 2558,2333 2487,2310 2417,2333 2359,2310 2265,2338 2237,2324"/>
                <Baseline points="2246,2411 2252,2411 2297,2408 2342,2405 2387,2402 2431,2402 2476,2399 2521,2396 2566,2396 2611,2396 2655,2393 2700,2396 2745,2393 2790,2390 2834,2390 2879,2387 2924,2387 2969,2387"/>
                <TextEquiv>
                    <Unicode>treue Häußte.</Unicode>
                </TextEquiv>
            </TextLine>
            <TextLine id="tr_1_tl_22" custom="readingOrder {index:21;}">
                <Coords points="3255,2527 3330,2534 3416,2490 3461,2525 3519,2499 3681,2562 3793,2504 3980,2508 3980,2410 3941,2427 3854,2345 3716,2391 3613,2387 3554,2354 3407,2387 3374,2363 3297,2389 3260,2368"/>
                <Baseline points="3270,2476 3315,2482 3360,2479 3404,2479 3449,2482 3494,2479 3539,2479 3583,2479 3628,2479 3673,2476 3718,2473 3762,2473 3807,2470 3852,2470 3897,2470 3941,2467 3986,2473"/>
                <TextEquiv>
                    <Unicode>Ihr Georg Strasé</Unicode>
                </TextEquiv>
            </TextLine>
            <TextLine id="tr_1_tl_23" custom="readingOrder {index:22;}">
                <Coords points="309,2532 372,2520 414,2532 445,2506 466,2518 498,2508 552,2537 639,2527 636,2422 571,2459 538,2448 522,2464 508,2455 466,2476 442,2459 426,2476 377,2476 337,2445 307,2450"/>
                <Baseline points="322,2503 367,2503 411,2500 456,2503 501,2503 546,2503 590,2506 635,2506 644,2506"/>
                <TextEquiv>
                    <Unicode>ouvertre les</Unicode>
                </TextEquiv>
            </TextLine>
            <TextLine id="tr_1_tl_24" custom="readingOrder {index:23;}">
                <Coords points="91,2651 880,2567 1027,2621 1161,2553 1947,2588 1952,2478 1788,2434 1212,2492 1090,2441 711,2452 559,2544 96,2516"/>
                <Baseline points="107,2593 119,2590 164,2587 208,2584 253,2581 298,2581 343,2578 387,2578 432,2578 477,2578 522,2578 566,2575 611,2578 656,2578 701,2575 746,2572 790,2569 835,2566 880,2563 925,2563 969,2560 1014,2557 1059,2557 1104,2557 1148,2554 1193,2551 1238,2548 1283,2545 1327,2545 1372,2542 1417,2542 1462,2539 1506,2539 1551,2536 1596,2536 1641,2536 1685,2539 1730,2539 1775,2542 1820,2545 1865,2545 1909,2545 1954,2551"/>
                <TextEquiv>
                    <Unicode>ich recht gehemmt, da mir das Gehen</Unicode>
                </TextEquiv>
            </TextLine>
            <TextLine id="tr_1_tl_25" custom="readingOrder {index:24;}">
                <Coords points="96,2771 356,2750 541,2803 826,2738 1696,2728 1699,2630 1498,2609 1430,2654 1076,2616 1018,2661 103,2625"/>
                <Baseline points="110,2751 137,2751 182,2751 226,2751 271,2751 316,2748 361,2748 405,2748 450,2748 495,2751 540,2751 584,2748 629,2748 674,2745 719,2742 763,2739 808,2736 853,2736 898,2730 942,2730 987,2724 1032,2721 1077,2721 1121,2718 1166,2715 1211,2712 1256,2712 1301,2709 1345,2706 1390,2706 1435,2706 1480,2703 1524,2703 1569,2703 1614,2700 1659,2700 1703,2700"/>
                <TextEquiv>
                    <Unicode>Fällt - trotzdem: weiter, weiter.</Unicode>
                </TextEquiv>
            </TextLine>
            <TextLine id="tr_1_tl_26" custom="readingOrder {index:25;}">
                <Coords points="2469,2895 3349,2864 3466,2925 3594,2874 3674,2918 3819,2850 3976,2866 3980,2754 2471,2771"/>
                <Baseline points="2482,2882 2506,2879 2551,2873 2596,2870 2640,2870 2685,2867 2730,2867 2775,2867 2819,2867 2864,2870 2909,2870 2954,2867 2998,2864 3043,2864 3088,2864 3133,2864 3177,2861 3222,2861 3267,2861 3312,2861 3357,2861 3401,2858 3446,2858 3491,2858 3536,2855 3580,2852 3625,2849 3670,2849 3715,2846 3759,2843 3804,2843 3849,2840 3894,2840 3938,2840 3983,2837"/>
                <TextEquiv>
                    <Unicode>Meine Frau, die a Therese' der</Unicode>
                </TextEquiv>
            </TextLine>
            <TextLine id="tr_1_tl_27" custom="readingOrder {index:26;}">
                <Coords points="243,2911 421,2988 625,2911 992,2890 1126,2965 1219,2895 1285,2946 1491,2881 1898,2890 1945,2721 1771,2801 1544,2761 1437,2813 1140,2757 962,2806 763,2757 246,2782"/>
                <Baseline points="256,2909 289,2909 334,2909 378,2909 423,2912 468,2909 513,2906 558,2903 602,2900 647,2900 692,2900 737,2900 781,2897 826,2900 871,2894 916,2891 960,2891 1005,2888 1050,2888 1095,2891 1139,2888 1184,2888 1229,2885 1274,2882 1318,2879 1363,2876 1408,2876 1453,2873 1497,2873 1542,2873 1587,2873 1632,2870 1677,2870 1721,2867 1766,2864 1811,2861 1856,2858 1900,2858 1945,2861"/>
                <TextEquiv>
                    <Unicode>An Wien denke ich oft, an eine</Unicode>
                </TextEquiv>
            </TextLine>
            <TextLine id="tr_1_tl_28" custom="readingOrder {index:27;}">
                <Coords points="2232,3035 2675,3037 2771,3110 3035,3028 3760,3063 3990,3019 3990,2909 3912,2899 3788,2955 2925,2885 2398,2960 2235,2920"/>
                <Baseline points="2246,3031 2249,3028 2294,3025 2339,3022 2384,3022 2428,3022 2473,3022 2518,3019 2563,3016 2608,3016 2652,3016 2697,3016 2742,3013 2787,3013 2831,3013 2876,3016 2921,3016 2966,3013 3010,3013 3055,3013 3100,3010 3145,3010 3189,3010 3234,3007 3279,3007 3324,3007 3368,3007 3413,3004 3458,3004 3503,3001 3548,3001 3592,3001 3637,2998 3682,3001 3727,3004 3771,3001 3816,3001 3861,3004 3906,2995 3950,2995 3995,2995"/>
                <TextEquiv>
                    <Unicode>Edndruck Thoer Werke dankt, schld</Unicode>
                </TextEquiv>
            </TextLine>
            <TextLine id="tr_1_tl_29" custom="readingOrder {index:28;}">
                <Coords points="91,3115 847,3164 950,3072 1116,3047 1322,3122 1502,3047 1863,3115 1968,3093 1973,2953 1809,2885 1689,2951 1048,3012 889,2941 269,3009 94,2955"/>
                <Baseline points="104,3076 140,3073 185,3073 229,3070 274,3070 319,3070 364,3064 408,3064 453,3061 498,3064 543,3061 587,3058 632,3055 677,3055 722,3055 766,3055 811,3055 856,3055 901,3055 945,3049 990,3049 1035,3046 1080,3046 1124,3043 1169,3046 1214,3046 1259,3043 1304,3043 1348,3043 1393,3043 1438,3040 1483,3043 1527,3040 1572,3040 1617,3043 1662,3043 1706,3040 1751,3040 1796,3040 1841,3037 1885,3037 1930,3034 1975,3028"/>
                <TextEquiv>
                    <Unicode>Begegnung mit Ihnen. Besonders lebhaft</Unicode>
                </TextEquiv>
            </TextLine>
            <TextLine id="tr_1_tl_30" custom="readingOrder {index:29;}">
                <Coords points="2235,3267 2303,3248 2410,3264 2490,3203 2588,3203 2604,3220 2679,3185 2728,3213 2773,3208 2778,3117 2640,3117 2478,3072 2375,3093 2312,3065 2244,3063"/>
                <Baseline points="2249,3180 2285,3177 2330,3172 2375,3172 2420,3172 2464,3169 2509,3166 2554,3163 2599,3160 2643,3157 2688,3157 2733,3154 2778,3160"/>
                <TextEquiv>
                    <Unicode>Grußte an.</Unicode>
                </TextEquiv>
            </TextLine>
            <TextLine id="tr_1_tl_31" custom="readingOrder {index:30;}">
                <Coords points="117,3299 264,3236 620,3290 704,3229 1207,3215 1430,3290 1526,3215 1902,3276 1987,3246 1989,3157 1521,3100 1203,3178 468,3119 311,3182 119,3159"/>
                <Baseline points="131,3249 161,3237 205,3237 250,3234 295,3231 340,3231 384,3228 429,3228 474,3225 519,3222 563,3222 608,3222 653,3225 698,3222 743,3219 787,3216 832,3216 877,3216 922,3213 966,3213 1011,3213 1056,3210 1101,3210 1145,3213 1190,3210 1235,3207 1280,3207 1324,3207 1369,3207 1414,3210 1459,3210 1503,3207 1548,3207 1593,3204 1638,3204 1682,3207 1727,3204 1772,3201 1817,3201 1862,3198 1906,3198 1951,3195 1996,3201"/>
                <TextEquiv>
                    <Unicode>ser Wunsch in mir, als ich im vorigen</Unicode>
                </TextEquiv>
            </TextLine>
            <TextLine id="tr_1_tl_32" custom="readingOrder {index:31;}">
                <Coords points="669,3374 908,3447 1236,3435 1299,3379 1481,3428 1523,3393 1622,3444 1699,3395 1989,3402 1991,3283 1561,3264 1299,3323 1189,3269 1048,3332 906,3323 821,3250 746,3316 669,3309"/>
                <Baseline points="683,3374 698,3374 743,3377 787,3377 832,3374 877,3374 922,3371 966,3371 1011,3368 1056,3368 1101,3368 1145,3368 1190,3368 1235,3368 1280,3365 1324,3362 1369,3362 1414,3365 1459,3365 1503,3362 1548,3360 1593,3360 1638,3360 1682,3360 1727,3357 1772,3354 1817,3354 1862,3351 1906,3351 1951,3351 1996,3354"/>
                <TextEquiv>
                    <Unicode>Fommertagen, nach langer</Unicode>
                </TextEquiv>
            </TextLine>
            <TextLine id="tr_1_tl_33" custom="readingOrder {index:32;}">
                <Coords points="152,3430 218,3430 276,3470 395,3466 566,3419 587,3435 695,3433 716,3426 718,3374 658,3381 571,3330 522,3344 402,3288 353,3316 274,3285 222,3334 154,3313"/>
                <Baseline points="167,3407 211,3401 256,3398 301,3398 346,3398 390,3395 435,3395 480,3392 525,3389 569,3389 614,3389 659,3398 704,3407 725,3413"/>
                <TextEquiv>
                    <Unicode>Salzburger</Unicode>
                </TextEquiv>
            </TextLine>
            <TextLine id="tr_1_tl_34" custom="readingOrder {index:33;}">
                <Coords points="131,3587 335,3639 913,3533 1020,3597 1259,3543 1397,3622 1540,3557 1865,3594 2003,3538 2003,3419 1851,3398 1549,3468 1338,3398 1189,3475 669,3423 133,3473"/>
                <Baseline points="143,3545 173,3548 217,3548 262,3545 307,3548 352,3548 396,3545 441,3545 486,3545 531,3539 575,3536 620,3539 665,3533 710,3536 754,3536 799,3536 844,3536 889,3533 934,3536 978,3533 1023,3530 1068,3530 1113,3530 1157,3530 1202,3530 1247,3533 1292,3530 1336,3530 1381,3530 1426,3530 1471,3527 1515,3527 1560,3530 1605,3530 1650,3527 1694,3530 1739,3527 1784,3527 1829,3527 1873,3524 1918,3518 1963,3518 2008,3518"/>
                <TextEquiv>
                    <Unicode>Werner Freunde Beer-Hofmann, Hof-</Unicode>
                </TextEquiv>
            </TextLine>
            <TextLine id="tr_1_tl_35" custom="readingOrder {index:34;}">
                <Coords points="1413,3688 1580,3709 1654,3744 1947,3742 1945,3561 1909,3554 1865,3592 1818,3550 1708,3587 1643,3583 1598,3552 1413,3592"/>
                <Baseline points="1426,3628 1471,3625 1515,3628 1560,3625 1605,3625 1650,3625 1694,3625 1739,3628 1784,3628 1829,3625 1873,3625 1918,3634 1951,3634"/>
                <TextEquiv>
                    <Unicode>mannetbal,</Unicode>
                </TextEquiv>
            </TextLine>
        </TextRegion>
    </Page>
</PcGts>
