<?xml version="1.0" encoding="UTF-8" standalone="yes"?>
<PcGts xmlns="http://schema.primaresearch.org/PAGE/gts/pagecontent/2013-07-15" xmlns:xsi="http://www.w3.org/2001/XMLSchema-instance" xsi:schemaLocation="http://schema.primaresearch.org/PAGE/gts/pagecontent/2013-07-15 http://schema.primaresearch.org/PAGE/gts/pagecontent/2013-07-15/pagecontent.xsd">
    <Metadata>
        <Creator>prov=READ-COOP:name=TrHtr:version=2.1.0:model_id=51170:date=25_07_2023_05:13</Creator>
        <Created>2023-05-01T21:55:48.143+02:00</Created>
        <LastChange>2023-07-25T05:13:13.251+02:00</LastChange>
        <TranskribusMetadata docId="1416435" pageId="54946017" pageNr="4" tsid="130585646" status="IN_PROGRESS" userId="64420" imgUrl="https://files.transkribus.eu/Get?id=YWWIQSTSVLYGLQSYFBLGFGEC&amp;fileType=view" xmlUrl="https://files.transkribus.eu/Get?id=BXCUYEAKGIJPZOJFJNKLDWJL" imageId="44450102"/>
    </Metadata>
    <Page imageFilename="1416435_0004.jpg" imageWidth="6952" imageHeight="4266">
        <ReadingOrder>
            <OrderedGroup id="ro_1711831637542" caption="Regions reading order">
                <RegionRefIndexed index="0" regionRef="tr_1"/>
                <RegionRefIndexed index="1" regionRef="tr_3"/>
                <RegionRefIndexed index="2" regionRef="tr_2"/>
            </OrderedGroup>
        </ReadingOrder>
        <TextRegion id="tr_1" custom="readingOrder {index:0;}">
            <Coords points="800,129 6225,129 6225,1772 800,1772"/>
            <TextLine id="tr_1_tl_1" custom="readingOrder {index:0;}">
                <Coords points="4118,195 4319,230 4400,189 4466,235 4520,198 4581,238 4672,201 4753,210 4824,261 4873,241 4870,158 4727,175 4687,146 4647,164 4575,112 4437,106 4405,138 4331,144 4282,98 4116,100"/>
                <Baseline points="4134,179 4224,179 4313,179 4403,179 4493,179 4582,185 4672,197 4761,203 4851,215 4881,221"/>
                <TextEquiv>
                    <Unicode>geordnissen, so wie sich von</Unicode>
                </TextEquiv>
            </TextLine>
            <TextLine id="tr_1_tl_2" custom="readingOrder {index:1;}">
                <Coords points="4070,250 4497,278 4641,373 5166,336 5355,425 5482,367 5737,456 6064,422 6056,270 4067,201"/>
                <Baseline points="4086,238 4176,244 4266,256 4355,256 4445,256 4534,262 4624,268 4714,274 4803,280 4893,286 4982,292 5072,304 5162,310 5251,316 5341,316 5431,322 5520,328 5586,322 5598,322 5688,322 5777,322 5867,334 5956,340 6046,352 6070,358"/>
                <TextEquiv>
                    <Unicode>neuescher mieh etc nach ihresgleichen Samstag.</Unicode>
                </TextEquiv>
            </TextLine>
            <TextLine id="tr_1_tl_3" custom="readingOrder {index:2;}">
                <Coords points="1891,316 1937,310 1963,281 2018,296 2066,278 2104,310 2161,290 2184,307 2204,287 2264,304 2325,284 2319,175 2293,187 2262,161 2101,166 2052,132 2009,155 1989,138 1952,161 1883,164"/>
                <Baseline points="1905,256 1995,250 2085,256 2174,262 2264,268 2330,268"/>
                <TextEquiv>
                    <Unicode>Sonntag</Unicode>
                </TextEquiv>
            </TextLine>
            <TextLine id="tr_1_tl_4" custom="readingOrder {index:3;}">
                <Coords points="2815,364 2919,321 3085,385 3364,313 3444,347 3496,313 3576,350 3636,327 3636,232 3461,267 3217,132 2927,152 2813,126"/>
                <Baseline points="2832,298 2838,298 2927,298 3017,292 3106,292 3196,298 3286,298 3375,304 3465,304 3555,304 3644,292"/>
                <TextEquiv>
                    <Unicode>10/4 96 Dienstag</Unicode>
                </TextEquiv>
            </TextLine>
            <TextLine id="tr_1_tl_5" custom="readingOrder {index:4;}">
                <Coords points="4173,396 4253,376 4471,465 4621,439 4787,517 5017,445 5278,491 5266,370 5232,362 5022,350 4951,408 4770,333 4641,373 4403,264 4279,313 4162,273"/>
                <Baseline points="4182,346 4271,364 4361,382 4451,394 4540,406 4630,412 4720,412 4809,418 4899,424 4988,430 5078,442 5168,448 5257,448 5281,448"/>
                <TextEquiv>
                    <Unicode>Verehrter Herr Doctor,</Unicode>
                </TextEquiv>
            </TextLine>
            <TextLine id="tr_1_tl_6" custom="readingOrder {index:5;}">
                <Coords points="781,410 990,405 1151,471 1481,393 1696,451 1954,367 2041,419 2287,402 2290,301 1966,281 1886,327 1708,241 1200,350 1013,250 841,339 784,310"/>
                <Baseline points="800,400 860,400 949,400 1039,400 1129,394 1218,394 1308,388 1398,388 1487,388 1577,382 1666,382 1756,382 1846,376 1935,370 2025,364 2115,370 2204,370 2294,376"/>
                <TextEquiv>
                    <Unicode>Gehrter Herr Doktor!</Unicode>
                </TextEquiv>
            </TextLine>
            <TextLine id="tr_1_tl_7" custom="readingOrder {index:6;}">
                <Coords points="812,634 987,548 1375,617 1662,519 2178,545 2293,511 2299,408 1785,413 1596,491 1469,425 1223,502 1119,448 818,479"/>
                <Baseline points="830,555 866,549 955,549 1045,543 1135,543 1224,537 1314,531 1404,525 1493,525 1583,519 1672,519 1762,513 1852,507 1941,507 2031,501 2121,501 2210,495 2300,495"/>
                <TextEquiv>
                    <Unicode>Ich danke Ihnen herzlich für</Unicode>
                </TextEquiv>
            </TextLine>
            <TextLine id="tr_1_tl_8" custom="readingOrder {index:7;}">
                <Coords points="2629,548 2844,540 2936,600 3028,606 3229,540 3424,583 3547,568 3547,456 3478,485 3332,436 3260,479 3123,405 2945,451 2784,410 2701,456 2629,451"/>
                <Baseline points="2646,519 2736,519 2826,525 2915,519 3005,525 3094,525 3184,525 3274,525 3363,519 3453,525 3543,519 3555,519"/>
                <TextEquiv>
                    <Unicode>Lieber Herr Doctor,</Unicode>
                </TextEquiv>
            </TextLine>
            <TextLine id="tr_1_tl_9" custom="readingOrder {index:8;}">
                <Coords points="4118,585 6125,677 6116,522 5723,442 5413,531 5017,442 4497,525 4113,439"/>
                <Baseline points="4134,537 4224,531 4313,543 4403,549 4493,555 4582,555 4672,561 4761,567 4851,573 4941,579 5030,579 5120,585 5210,591 5299,585 5389,591 5478,597 5568,603 5658,603 5747,609 5837,615 5926,621 6016,627 6106,633 6130,633"/>
                <TextEquiv>
                    <Unicode>herzlichen Dank für ihre Zeilen und die lebens¬</Unicode>
                </TextEquiv>
            </TextLine>
            <TextLine id="tr_1_tl_10" custom="readingOrder {index:9;}">
                <Coords points="795,666 1248,709 1314,657 1653,637 1771,715 1914,631 2262,651 2264,514 2035,577 1866,514 1774,577 1656,525 1378,614 1145,551 798,608"/>
                <Baseline points="812,663 836,663 926,657 1015,657 1105,651 1194,645 1284,645 1374,639 1463,639 1553,633 1643,633 1732,627 1822,627 1911,621 2001,621 2091,621 2180,615 2270,615"/>
                <TextEquiv>
                    <Unicode>die Übersendung Ihres Bil¬</Unicode>
                </TextEquiv>
            </TextLine>
            <TextLine id="tr_1_tl_11" custom="readingOrder {index:10;}">
                <Coords points="3852,683 5183,821 6110,775 6104,683 5921,649 5774,723 5433,634 4787,680 3846,574"/>
                <Baseline points="3865,675 3931,669 4021,669 4050,675 4140,681 4230,687 4319,699 4409,699 4499,705 4588,711 4678,711 4767,711 4857,716 4947,722 5036,722 5126,728 5215,728 5305,734 5395,740 5484,746 5574,752 5664,758 5753,758 5843,764 5932,770 6022,770 6112,770 6118,770"/>
                <TextEquiv>
                    <Unicode>würdiger Einladung, die ich mit Freuden annehmen.</Unicode>
                </TextEquiv>
            </TextLine>
            <TextLine id="tr_1_tl_12" custom="readingOrder {index:11;}">
                <Coords points="2506,763 2838,740 2893,792 2973,743 3177,772 3369,723 3668,761 3737,749 3740,634 3593,600 3260,666 2884,620 2770,683 2592,634 2506,660"/>
                <Baseline points="2521,740 2575,740 2664,734 2754,728 2844,728 2933,728 3023,722 3112,722 3202,716 3292,722 3381,716 3471,716 3560,716 3650,716 3740,711"/>
                <TextEquiv>
                    <Unicode>ich schicke heute meine kleine</Unicode>
                </TextEquiv>
            </TextLine>
            <TextLine id="tr_1_tl_13" custom="readingOrder {index:12;}">
                <Coords points="784,804 2098,755 2319,729 2322,677 1949,640 1771,715 1673,643 1533,643 786,732"/>
                <Baseline points="800,776 890,776 979,770 1069,758 1159,758 1248,758 1338,752 1427,752 1517,746 1607,740 1696,740 1786,734 1876,728 1965,722 2055,722 2144,722 2234,716 2324,722"/>
                <TextEquiv>
                    <Unicode>des — Sie haben mir eine</Unicode>
                </TextEquiv>
            </TextLine>
            <TextLine id="tr_1_tl_14" custom="readingOrder {index:13;}">
                <Coords points="3840,841 4836,861 5120,970 5381,901 6145,938 6139,838 5975,804 5436,844 3834,706"/>
                <Baseline points="3853,800 3931,794 4021,794 4074,818 4164,824 4254,824 4343,830 4433,836 4522,842 4612,842 4702,848 4791,854 4881,854 4971,860 5060,860 5150,872 5239,872 5329,878 5419,878 5508,884 5598,890 5688,896 5777,896 5867,902 5956,902 6046,908 6136,908 6148,902"/>
                <TextEquiv>
                    <Unicode>Es thut mir sehr leid, daß sie mich heute verfehlt</Unicode>
                </TextEquiv>
            </TextLine>
            <TextLine id="tr_1_tl_15" custom="readingOrder {index:14;}">
                <Coords points="795,959 1269,875 1877,895 2041,835 2336,895 2356,784 2015,755 1797,821 1360,758 1203,829 801,806"/>
                <Baseline points="812,884 836,884 926,890 1015,884 1105,878 1194,878 1284,872 1374,866 1463,866 1553,860 1643,854 1732,854 1822,848 1911,842 2001,836 2091,836 2180,836 2270,842 2360,848"/>
                <TextEquiv>
                    <Unicode>große Freude damit gemacht.</Unicode>
                </TextEquiv>
            </TextLine>
            <TextLine id="tr_1_tl_16" custom="readingOrder {index:15;}">
                <Coords points="2494,956 2850,956 2947,893 3200,941 3303,890 3602,947 3774,901 3777,795 3599,778 3513,821 3280,781 2950,864 2810,809 2494,818"/>
                <Baseline points="2509,878 2527,878 2616,890 2706,884 2796,878 2885,884 2975,884 3065,884 3154,884 3244,878 3333,878 3423,872 3513,872 3602,866 3692,866 3782,866"/>
                <TextEquiv>
                    <Unicode>Erzählung. Das Preuß. Jahrb.</Unicode>
                </TextEquiv>
            </TextLine>
            <TextLine id="tr_1_tl_17" custom="readingOrder {index:16;}">
                <Coords points="3843,956 3889,953 3900,944 3915,956 3932,944 3952,953 3963,947 3978,961 4001,956 3995,812 3958,806 3946,815 3935,806 3923,818 3897,818 3860,841 3840,841"/>
                <Baseline points="3859,926 3949,926 4009,932"/>
                <TextEquiv>
                    <Unicode>Gers.</Unicode>
                </TextEquiv>
            </TextLine>
            <TextLine id="tr_1_tl_18" custom="readingOrder {index:17;}">
                <Coords points="838,1048 1406,987 1587,1056 1736,973 1995,1036 2201,953 2353,970 2356,893 2052,835 1808,901 1039,887 841,964"/>
                <Baseline points="854,1015 926,1009 1015,1003 1105,997 1194,997 1284,991 1374,985 1463,979 1553,973 1643,961 1732,955 1822,955 1911,949 2001,944 2091,944 2180,944 2270,949 2360,955"/>
                <TextEquiv>
                    <Unicode>Bei Ihrem nächsten Hiersein</Unicode>
                </TextEquiv>
            </TextLine>
            <TextLine id="tr_1_tl_19" custom="readingOrder {index:18;}">
                <Coords points="4064,996 6191,1088 6185,953 5381,901 5143,970 4899,870 4802,944 4061,918"/>
                <Baseline points="4080,949 4170,955 4260,955 4349,955 4439,955 4528,967 4618,973 4708,973 4797,973 4887,979 4977,985 5066,991 5156,991 5245,991 5335,997 5425,1003 5514,1009 5604,1009 5693,1009 5783,1015 5873,1021 5962,1027 6052,1027 6142,1033 6195,1039"/>
                <TextEquiv>
                    <Unicode>Geben - ich war in Schönbrunn u. habe dort das schöne</Unicode>
                </TextEquiv>
            </TextLine>
            <TextLine id="tr_1_tl_20" custom="readingOrder {index:19;}">
                <Coords points="2474,1111 2859,1111 3186,1050 3455,1102 3524,1053 3705,1045 3705,970 3433,941 3358,993 3143,953 2738,990 2632,933 2474,993"/>
                <Baseline points="2491,1039 2545,1039 2634,1039 2724,1039 2814,1039 2903,1039 2993,1033 3082,1033 3172,1033 3262,1033 3351,1033 3441,1027 3531,1021 3620,1021 3710,1021"/>
                <TextEquiv>
                    <Unicode>= Heft habe ich soeben bestellt.</Unicode>
                </TextEquiv>
            </TextLine>
            <TextLine id="tr_1_tl_21" custom="readingOrder {index:20;}">
                <Coords points="818,1185 1128,1191 1303,1105 1458,1145 1665,1076 1840,1111 2190,1079 2216,1013 1587,1053 1403,987 821,1065"/>
                <Baseline points="836,1105 878,1105 967,1105 1057,1105 1147,1099 1236,1099 1326,1099 1416,1099 1505,1093 1595,1081 1684,1075 1774,1075 1864,1075 1953,1069 2043,1063 2133,1063 2222,1063"/>
                <TextEquiv>
                    <Unicode>hoffe ich Sie in meinem</Unicode>
                </TextEquiv>
            </TextLine>
            <TextLine id="tr_1_tl_22" custom="readingOrder {index:21;}">
                <Coords points="4047,1093 4655,1102 4787,1182 5022,1119 5467,1191 6216,1151 6216,1088 5792,1048 4044,1010"/>
                <Baseline points="4062,1063 4152,1075 4242,1081 4331,1081 4421,1087 4510,1093 4600,1093 4690,1093 4779,1093 4869,1105 4959,1117 5048,1117 5138,1123 5227,1123 5317,1123 5407,1129 5496,1135 5586,1135 5676,1135 5765,1135 5855,1141 5944,1147 6034,1153 6124,1147 6213,1153 6225,1153"/>
                <TextEquiv>
                    <Unicode>Witter genossen. Heut Abend bin ich im Burgtheater</Unicode>
                </TextEquiv>
            </TextLine>
            <TextLine id="tr_1_tl_23" custom="readingOrder {index:22;}">
                <Coords points="3831,1225 6127,1269 6125,1191 5789,1151 4434,1180 3998,1088 3829,1148"/>
                <Baseline points="3847,1188 3925,1183 4015,1183 4056,1194 4146,1200 4236,1206 4325,1212 4415,1218 4504,1218 4594,1218 4684,1218 4773,1224 4863,1230 4953,1230 5042,1230 5132,1236 5221,1242 5311,1242 5401,1242 5490,1242 5580,1242 5670,1248 5759,1248 5849,1248 5938,1254 6028,1260 6118,1266 6136,1260"/>
                <TextEquiv>
                    <Unicode>und nach der Vorstellung will ich im Testament</Unicode>
                </TextEquiv>
            </TextLine>
            <TextLine id="tr_1_tl_24" custom="readingOrder {index:23;}">
                <Coords points="809,1248 1389,1254 1446,1208 1897,1294 2141,1191 2313,1194 2316,1131 2210,1096 2035,1137 1949,1082 1828,1148 1736,1119 1538,1174 1363,1111 1134,1191 809,1200"/>
                <Baseline points="824,1218 884,1218 973,1218 1063,1212 1153,1212 1242,1206 1332,1212 1422,1206 1511,1206 1601,1200 1690,1188 1780,1183 1870,1183 1959,1188 2049,1188 2138,1188 2228,1188 2318,1188"/>
                <TextEquiv>
                    <Unicode>neuen Heim empfangen</Unicode>
                </TextEquiv>
            </TextLine>
            <TextLine id="tr_1_tl_25" custom="readingOrder {index:24;}">
                <Coords points="2483,1223 2718,1220 2813,1266 3171,1203 3694,1248 3780,1228 3783,1128 2485,1151"/>
                <Baseline points="2497,1212 2533,1212 2622,1206 2712,1206 2802,1206 2891,1206 2981,1206 3071,1206 3160,1200 3250,1194 3339,1200 3429,1194 3519,1194 3608,1188 3698,1188 3788,1188"/>
                <TextEquiv>
                    <Unicode>Kann ich das Neue Dtsch. Kundsch.</Unicode>
                </TextEquiv>
            </TextLine>
            <TextLine id="tr_1_tl_26" custom="readingOrder {index:25;}">
                <Coords points="4055,1337 6182,1403 6179,1320 5863,1283 5717,1335 5086,1237 4850,1300 4701,1237 4052,1243"/>
                <Baseline points="4068,1296 4158,1308 4248,1314 4337,1320 4427,1320 4516,1320 4606,1320 4696,1326 4785,1332 4875,1332 4965,1338 5054,1338 5144,1344 5233,1344 5323,1350 5413,1356 5502,1356 5592,1362 5682,1362 5771,1362 5861,1368 5950,1374 6040,1374 6130,1374 6189,1368"/>
                <TextEquiv>
                    <Unicode>Leidinger, Karthner Str. 61 zu Abend essen. Hoffentlich</Unicode>
                </TextEquiv>
            </TextLine>
            <TextLine id="tr_1_tl_27" custom="readingOrder {index:26;}">
                <Coords points="821,1418 996,1349 1174,1383 1280,1358 1346,1378 1406,1337 1504,1349 1593,1329 1596,1263 1481,1286 1412,1248 1340,1283 1225,1217 1082,1283 824,1254"/>
                <Baseline points="836,1338 884,1338 973,1338 1063,1332 1153,1326 1242,1326 1332,1326 1422,1332 1511,1326 1601,1320"/>
                <TextEquiv>
                    <Unicode>zu können.</Unicode>
                </TextEquiv>
            </TextLine>
            <TextLine id="tr_1_tl_28" custom="readingOrder {index:27;}">
                <Coords points="2480,1438 2669,1429 2810,1363 3180,1406 3372,1346 3751,1378 3780,1280 3289,1254 3180,1320 2979,1323 2890,1274 2827,1312 2485,1283"/>
                <Baseline points="2497,1368 2533,1368 2622,1368 2712,1362 2802,1362 2891,1362 2981,1362 3071,1356 3160,1356 3250,1350 3339,1344 3429,1344 3519,1338 3608,1338 3698,1332 3788,1326"/>
                <TextEquiv>
                    <Unicode>Heft bald wieder haben? Es ist</Unicode>
                </TextEquiv>
            </TextLine>
            <TextLine id="tr_1_tl_29" custom="readingOrder {index:28;}">
                <Coords points="4015,1469 6185,1541 6179,1403 4268,1317 4012,1369"/>
                <Baseline points="4027,1410 4116,1398 4206,1404 4295,1410 4385,1410 4475,1410 4564,1416 4654,1416 4743,1422 4833,1422 4923,1433 5012,1433 5102,1439 5192,1439 5281,1445 5371,1445 5460,1445 5550,1457 5640,1463 5729,1463 5819,1463 5909,1469 5998,1469 6088,1463 6177,1469 6189,1463"/>
                <TextEquiv>
                    <Unicode>sind Sie seit Abend doch noch frei, u. wir können zusammen sein!</Unicode>
                </TextEquiv>
            </TextLine>
            <TextLine id="tr_1_tl_30" custom="readingOrder {index:29;}">
                <Coords points="1191,1533 1260,1504 1366,1544 1576,1492 1854,1587 2018,1541 2078,1567 2353,1498 2353,1378 2018,1355 1820,1446 1403,1386 1191,1452"/>
                <Baseline points="1206,1499 1284,1493 1374,1493 1463,1493 1553,1493 1643,1493 1732,1493 1822,1487 1911,1487 2001,1481 2091,1487 2180,1487 2270,1487 2360,1487"/>
                <TextEquiv>
                    <Unicode>Dankbare Grüße!</Unicode>
                </TextEquiv>
            </TextLine>
            <TextLine id="tr_1_tl_31" custom="readingOrder {index:30;}">
                <Coords points="2500,1521 2804,1512 2896,1576 3080,1527 3329,1561 3519,1492 3645,1498 3648,1415 3430,1449 3280,1415 3097,1472 2864,1452 2781,1484 2675,1424 2503,1475"/>
                <Baseline points="2515,1517 2581,1511 2670,1505 2760,1505 2849,1511 2939,1505 3029,1511 3118,1511 3208,1499 3298,1493 3387,1493 3477,1493 3566,1487 3656,1487"/>
                <TextEquiv>
                    <Unicode>mein einzöge Exemplar.</Unicode>
                </TextEquiv>
            </TextLine>
            <TextLine id="tr_1_tl_32" custom="readingOrder {index:31;}">
                <Coords points="821,1616 904,1573 950,1581 1053,1553 1142,1553 1171,1576 1240,1556 1366,1573 1366,1504 1225,1518 1191,1487 1111,1487 1002,1429 941,1446 884,1421 824,1449"/>
                <Baseline points="836,1559 926,1559 1015,1553 1105,1547 1194,1547 1284,1547 1374,1559"/>
                <TextEquiv>
                    <Unicode>Grückliche Reise!</Unicode>
                </TextEquiv>
            </TextLine>
            <TextLine id="tr_1_tl_33" custom="readingOrder {index:32;}">
                <Coords points="815,1662 936,1630 1148,1696 1225,1653 1309,1665 1403,1624 1406,1544 1340,1578 1197,1558 1128,1593 1010,1558 815,1613"/>
                <Baseline points="830,1631 872,1625 961,1631 1051,1631 1141,1631 1230,1625 1320,1619 1410,1613"/>
                <TextEquiv>
                    <Unicode>- Besten Gruß</Unicode>
                </TextEquiv>
            </TextLine>
            <TextLine id="tr_1_tl_34" custom="readingOrder {index:33;}">
                <Coords points="1616,1722 1716,1785 1923,1725 2000,1759 2064,1728 2173,1754 2282,1728 2285,1636 2150,1627 2020,1538 1926,1558 1848,1610 1751,1581 1722,1547 1619,1581"/>
                <Baseline points="1631,1708 1660,1708 1750,1702 1840,1702 1929,1696 2019,1696 2109,1696 2198,1690 2288,1690"/>
                <TextEquiv>
                    <Unicode>Elly Lisser</Unicode>
                </TextEquiv>
            </TextLine>
            <TextLine id="tr_1_tl_35" custom="readingOrder {index:34;}">
                <Coords points="2689,1705 3028,1771 3197,1708 3300,1774 3527,1708 3777,1711 3777,1633 3636,1607 3323,1616 3229,1662 2965,1593 2689,1613"/>
                <Baseline points="2706,1696 2796,1696 2885,1702 2975,1702 3065,1702 3154,1702 3244,1702 3333,1702 3423,1696 3513,1702 3602,1696 3692,1696 3782,1696"/>
                <TextEquiv>
                    <Unicode>Alles Gute Ihrer Arbeit</Unicode>
                </TextEquiv>
            </TextLine>
            <TextLine id="tr_1_tl_36" custom="readingOrder {index:35;}">
                <Coords points="901,1794 1013,1785 1091,1754 1134,1771 1177,1759 1237,1805 1317,1765 1355,1791 1418,1794 1424,1659 1372,1682 1283,1647 1157,1716 1119,1711 1022,1639 936,1676 907,1667"/>
                <Baseline points="920,1762 979,1756 1069,1756 1159,1756 1248,1750 1338,1738 1427,1744"/>
                <TextEquiv>
                    <Unicode>Htintefeld</Unicode>
                </TextEquiv>
            </TextLine>
        </TextRegion>
        <TextRegion id="tr_3" custom="readingOrder {index:1;}">
            <Coords points="143,1700 5347,1700 5347,3792 143,3792"/>
            <TextLine id="tr_3_tl_1" custom="readingOrder {index:0;}">
                <Coords points="3949,1828 3966,1831 3995,1811 4041,1825 4116,1802 4156,1817 4196,1805 4199,1688 4162,1679 4087,1688 4055,1670 4035,1688 3995,1685 3952,1705"/>
                <Baseline points="3967,1756 4027,1756 4116,1756 4206,1750"/>
                <TextEquiv>
                    <Unicode>19.6.96.</Unicode>
                </TextEquiv>
            </TextLine>
            <TextLine id="tr_3_tl_2" custom="readingOrder {index:1;}">
                <Coords points="4411,1828 4535,1814 4638,1854 4770,1808 5020,1868 5111,1831 5275,1831 5275,1779 5094,1739 4695,1756 4546,1708 4408,1733"/>
                <Baseline points="4427,1810 4516,1798 4606,1804 4696,1804 4785,1810 4875,1810 4965,1816 5054,1816 5144,1816 5233,1816 5281,1822"/>
                <TextEquiv>
                    <Unicode>Hain i. Riecengebirge.</Unicode>
                </TextEquiv>
            </TextLine>
            <TextLine id="tr_3_tl_3" custom="readingOrder {index:2;}">
                <Coords points="2936,1920 2993,1932 3082,1874 3137,1900 3278,1880 3369,1943 3455,1949 3599,1866 3757,1874 3757,1834 3628,1794 3556,1814 3481,1794 3444,1820 3300,1788 3229,1817 3177,1779 3134,1805 3068,1768 2936,1779"/>
                <Baseline points="2951,1858 3041,1864 3130,1864 3220,1858 3310,1864 3399,1864 3489,1864 3578,1864 3668,1864 3758,1864 3764,1864"/>
                <TextEquiv>
                    <Unicode>Ihr treu ergebener</Unicode>
                </TextEquiv>
            </TextLine>
            <TextLine id="tr_3_tl_4" custom="readingOrder {index:3;}">
                <Coords points="4560,1937 4669,1954 4859,1917 4939,1949 5040,1920 5215,1980 5281,1926 5341,1926 5341,1874 5180,1837 4985,1877 4764,1834 4560,1863"/>
                <Baseline points="4576,1899 4666,1899 4755,1905 4845,1911 4935,1911 5024,1911 5114,1911 5204,1917 5293,1917 5347,1917"/>
                <TextEquiv>
                    <Unicode>29, bei August Finger.</Unicode>
                </TextEquiv>
            </TextLine>
            <TextLine id="tr_3_tl_5" custom="readingOrder {index:4;}">
                <Coords points="2996,2032 3441,2023 3524,2058 3610,1998 3734,2029 3734,1911 3645,1932 3565,1897 3438,1960 3335,1909 3246,1949 3174,1937 3094,1880 2996,1894"/>
                <Baseline points="3011,1995 3023,1995 3112,1995 3202,1989 3292,1989 3381,1989 3471,1995 3560,1995 3650,1989 3740,1989"/>
                <TextEquiv>
                    <Unicode>Georg Hirschfeld</Unicode>
                </TextEquiv>
            </TextLine>
            <TextLine id="tr_3_tl_6" custom="readingOrder {index:5;}">
                <Coords points="166,2181 356,2196 646,2061 798,2115 953,2075 1214,2173 1329,2138 1337,1920 1027,1952 927,1900 669,1995 560,1949 172,2032"/>
                <Baseline points="185,2115 256,2109 346,2103 436,2091 525,2085 615,2079 705,2073 794,2067 884,2067 973,2061 1063,2061 1153,2067 1242,2073 1332,2097"/>
                <TextEquiv>
                    <Unicode>15/1 86 Donnerstag</Unicode>
                </TextEquiv>
            </TextLine>
            <TextLine id="tr_3_tl_7" custom="readingOrder {index:6;}">
                <Coords points="2925,2132 2947,2132 2962,2150 3005,2130 3016,2144 3031,2144 3080,2109 3108,2115 3108,2069 3082,2064 3065,2049 3048,2049 3025,2029 2996,2043 2965,2038 2942,2015 2925,2015"/>
                <Baseline points="2939,2107 3035,2109 3112,2103"/>
                <TextEquiv>
                    <Unicode>repris</Unicode>
                </TextEquiv>
            </TextLine>
            <TextLine id="tr_3_tl_8" custom="readingOrder {index:7;}">
                <Coords points="4167,2152 4308,2127 4391,2173 4443,2141 4543,2173 4652,2124 4862,2121 4862,2038 4779,2006 4655,2046 4583,2018 4167,2023"/>
                <Baseline points="4182,2109 4271,2115 4361,2115 4451,2115 4540,2115 4630,2115 4720,2109 4809,2109 4869,2109"/>
                <TextEquiv>
                    <Unicode>Lieber Haar Doctor!</Unicode>
                </TextEquiv>
            </TextLine>
            <TextLine id="tr_3_tl_9" custom="readingOrder {index:8;}">
                <Coords points="3926,2256 4095,2296 4454,2276 4526,2316 4644,2270 4773,2316 4862,2276 4945,2313 5160,2279 5160,2233 4908,2193 4675,2224 4308,2173 4207,2221 3923,2167"/>
                <Baseline points="3943,2234 4032,2252 4122,2258 4212,2264 4301,2264 4391,2264 4481,2264 4570,2270 4660,2264 4749,2264 4839,2264 4929,2270 5018,2270 5108,2270 5168,2270"/>
                <TextEquiv>
                    <Unicode>Meine Arbeit, die mich noch den</Unicode>
                </TextEquiv>
            </TextLine>
            <TextLine id="tr_3_tl_10" custom="readingOrder {index:9;}">
                <Coords points="244,2431 410,2454 514,2425 626,2474 824,2396 1128,2460 1263,2431 1266,2285 1099,2207 1013,2267 835,2250 746,2293 379,2216 250,2247"/>
                <Baseline points="262,2377 286,2383 376,2383 466,2389 555,2383 645,2383 734,2383 824,2383 914,2377 1003,2371 1093,2371 1183,2366 1272,2366"/>
                <TextEquiv>
                    <Unicode>Lieber Herr Doctor,</Unicode>
                </TextEquiv>
            </TextLine>
            <TextLine id="tr_3_tl_11" custom="readingOrder {index:10;}">
                <Coords points="3932,2465 4190,2388 4368,2431 4474,2396 4606,2457 5028,2396 5218,2457 5287,2442 5287,2328 5209,2299 4899,2362 4649,2316 4411,2362 4216,2290 3932,2359"/>
                <Baseline points="3949,2395 4038,2377 4128,2377 4218,2377 4307,2383 4397,2383 4487,2383 4576,2383 4666,2389 4755,2389 4845,2383 4935,2389 5024,2389 5114,2389 5204,2383 5293,2383"/>
                <TextEquiv>
                    <Unicode>ganzen Sommer festhalten wird, hat</Unicode>
                </TextEquiv>
            </TextLine>
            <TextLine id="tr_3_tl_12" custom="readingOrder {index:11;}">
                <Coords points="3929,2554 4523,2517 4598,2560 4744,2511 4925,2563 5063,2506 5330,2511 5330,2445 4968,2411 4779,2471 4268,2431 3926,2462"/>
                <Baseline points="3943,2485 4032,2491 4122,2497 4212,2503 4301,2509 4391,2503 4481,2509 4570,2503 4660,2503 4749,2503 4839,2509 4929,2509 5018,2503 5108,2503 5198,2503 5287,2503 5335,2509"/>
                <TextEquiv>
                    <Unicode>mich schließlich, nach mancherlei andern</Unicode>
                </TextEquiv>
            </TextLine>
            <TextLine id="tr_3_tl_13" custom="readingOrder {index:12;}">
                <Coords points="2376,2620 2597,2597 2663,2551 2925,2563 3082,2520 3123,2557 3220,2526 3361,2546 3355,2342 2758,2365 2660,2328 2497,2382 2385,2336"/>
                <Baseline points="2395,2539 2473,2539 2563,2545 2652,2539 2742,2539 2832,2533 2921,2527 3011,2521 3100,2521 3190,2521 3280,2515 3369,2515"/>
                <TextEquiv>
                    <Unicode>Wien, Hôtel de France,</Unicode>
                </TextEquiv>
            </TextLine>
            <TextLine id="tr_3_tl_14" custom="readingOrder {index:13;}">
                <Coords points="166,2606 474,2683 629,2612 746,2660 953,2623 1019,2649 1260,2572 1263,2465 956,2454 732,2523 445,2422 169,2549"/>
                <Baseline points="185,2593 191,2593 280,2599 370,2599 460,2593 549,2593 639,2593 728,2593 818,2593 908,2587 997,2581 1087,2575 1177,2569 1266,2563"/>
                <TextEquiv>
                    <Unicode>die Generalprobe ist.</Unicode>
                </TextEquiv>
            </TextLine>
            <TextLine id="tr_3_tl_15" custom="readingOrder {index:14;}">
                <Coords points="3783,2612 3955,2663 4256,2623 4426,2692 4658,2632 4979,2686 5120,2623 5261,2652 5258,2557 5146,2540 4388,2597 3780,2528"/>
                <Baseline points="3799,2599 3889,2599 3979,2605 4068,2616 4158,2622 4248,2622 4337,2622 4427,2622 4516,2628 4606,2622 4696,2622 4785,2628 4875,2622 4965,2622 5054,2616 5144,2610 5233,2616 5269,2610"/>
                <TextEquiv>
                    <Unicode>Pllänen, nach Schlesien gebracht, und</Unicode>
                </TextEquiv>
            </TextLine>
            <TextLine id="tr_3_tl_16" custom="readingOrder {index:15;}">
                <Coords points="3088,2672 3338,2675 3444,2646 3576,2709 3651,2712 3648,2523 3536,2508 3455,2549 3392,2528 3177,2557 3085,2537"/>
                <Baseline points="3100,2622 3190,2622 3280,2622 3369,2628 3459,2628 3549,2628 3638,2628 3656,2634"/>
                <TextEquiv>
                    <Unicode>Schottenring</Unicode>
                </TextEquiv>
            </TextLine>
            <TextLine id="tr_3_tl_17" custom="readingOrder {index:16;}">
                <Coords points="3794,2741 3978,2798 5298,2747 5137,2658 4420,2724 4357,2669 4073,2704 3794,2615"/>
                <Baseline points="3811,2724 3901,2730 3991,2736 4080,2742 4170,2748 4260,2748 4349,2754 4439,2754 4528,2754 4618,2748 4708,2748 4797,2742 4887,2742 4977,2748 5066,2742 5156,2748 5245,2748 5305,2742"/>
                <TextEquiv>
                    <Unicode>ch hause hier mit meiner Mutter,</Unicode>
                </TextEquiv>
            </TextLine>
            <TextLine id="tr_3_tl_18" custom="readingOrder {index:17;}">
                <Coords points="123,2790 253,2836 525,2772 677,2827 990,2790 1162,2838 1415,2801 1418,2629 1200,2592 930,2683 827,2646 548,2712 126,2701"/>
                <Baseline points="143,2778 167,2778 256,2778 346,2772 436,2766 525,2766 615,2760 705,2766 794,2760 884,2760 973,2754 1063,2748 1153,2748 1242,2742 1332,2736 1422,2742"/>
                <TextEquiv>
                    <Unicode>morgen erst um 11 Uhr.</Unicode>
                </TextEquiv>
            </TextLine>
            <TextLine id="tr_3_tl_19" custom="readingOrder {index:18;}">
                <Coords points="1774,2861 2009,2927 2130,2896 2175,2933 2468,2841 2732,2873 2813,2827 2815,2709 2629,2726 2471,2692 2368,2747 2224,2686 2101,2718 2009,2692 1777,2764"/>
                <Baseline points="1792,2844 1834,2844 1923,2849 2013,2855 2103,2849 2192,2849 2282,2844 2371,2844 2461,2838 2551,2838 2640,2832 2730,2826 2820,2814"/>
                <TextEquiv>
                    <Unicode>Verehrter Herr Doctor!</Unicode>
                </TextEquiv>
            </TextLine>
            <TextLine id="tr_3_tl_20" custom="readingOrder {index:19;}">
                <Coords points="3800,2910 3969,2950 4213,2884 4641,2876 4816,2950 4994,2876 5304,2942 5304,2836 5195,2798 4316,2844 4253,2798 3800,2781"/>
                <Baseline points="3817,2855 3907,2855 3997,2867 4086,2867 4176,2867 4266,2867 4355,2867 4445,2873 4534,2873 4624,2873 4714,2873 4803,2873 4893,2867 4982,2873 5072,2873 5162,2873 5251,2867 5311,2873"/>
                <TextEquiv>
                    <Unicode>auf stillen schönen deutschen Bergen,</Unicode>
                </TextEquiv>
            </TextLine>
            <TextLine id="tr_3_tl_21" custom="readingOrder {index:20;}">
                <Coords points="1627,3028 2646,3074 2947,2993 3148,3062 3404,2968 3562,3025 3567,2861 1630,2950"/>
                <Baseline points="1643,3011 1708,3017 1798,3017 1888,3017 1977,3017 2067,3011 2156,3005 2246,3005 2336,2999 2425,2999 2515,2993 2605,2993 2694,2987 2784,2987 2873,2987 2963,2981 3053,2981 3148,2976 3148,2976 3244,2969 3333,2969 3423,2963 3513,2963 3572,2963"/>
                <TextEquiv>
                    <Unicode>Seit gestern Abend bin ich in Wien und würde</Unicode>
                </TextEquiv>
            </TextLine>
            <TextLine id="tr_3_tl_22" custom="readingOrder {index:21;}">
                <Coords points="3963,3025 4173,2999 4250,3048 4360,2996 4629,3057 4710,2993 5022,2988 5149,3036 5203,2991 5281,3019 5284,2947 5008,2907 4701,2962 4603,2922 4357,2959 3966,2922"/>
                <Baseline points="3979,2987 4032,2993 4122,2993 4212,2993 4301,2993 4391,2993 4481,2993 4570,2993 4660,2987 4749,2987 4839,2987 4929,2987 5018,2987 5108,2987 5198,2987 5287,2981"/>
                <TextEquiv>
                    <Unicode>hoffentlich werde ich hier mit dem osins</Unicode>
                </TextEquiv>
            </TextLine>
            <TextLine id="tr_3_tl_23" custom="readingOrder {index:22;}">
                <Coords points="278,3125 385,3114 428,3154 534,3077 643,3148 784,3114 861,3140 1036,3088 1240,3114 1243,2985 1217,2979 893,2993 752,2930 603,2970 508,2910 284,2913"/>
                <Baseline points="298,3071 352,3071 442,3071 531,3071 621,3071 711,3065 800,3065 890,3059 979,3059 1069,3053 1159,3059 1248,3053"/>
                <TextEquiv>
                    <Unicode>Auf Wiedersehen,</Unicode>
                </TextEquiv>
            </TextLine>
            <TextLine id="tr_3_tl_24" custom="readingOrder {index:23;}">
                <Coords points="3929,3151 4334,3111 4492,3148 4621,3100 4741,3143 4827,3091 5235,3154 5278,3022 4868,3057 4764,2999 4612,3059 4291,3025 4113,3071 3932,3039"/>
                <Baseline points="3949,3106 4027,3106 4116,3106 4206,3106 4295,3100 4385,3100 4475,3094 4564,3100 4654,3094 4743,3094 4833,3088 4923,3088 5012,3082 5102,3088 5192,3082 5281,3082"/>
                <TextEquiv>
                    <Unicode>fertig. - Wie geht es Ihnen? - Herzlich</Unicode>
                </TextEquiv>
            </TextLine>
            <TextLine id="tr_3_tl_25" custom="readingOrder {index:24;}">
                <Coords points="1573,3197 1837,3246 2353,3143 2919,3226 3097,3148 3668,3117 3671,3048 3484,3002 2752,3082 2290,3014 1576,3111"/>
                <Baseline points="1589,3154 1613,3154 1702,3160 1792,3166 1882,3166 1971,3160 2061,3154 2150,3148 2240,3142 2330,3142 2419,3142 2509,3136 2599,3136 2688,3136 2778,3130 2867,3130 2957,3130 3047,3124 3136,3124 3226,3118 3316,3112 3405,3112 3495,3106 3584,3106 3674,3100"/>
                <TextEquiv>
                    <Unicode>mich herzlich freund. Sie wiedersehen zu können.</Unicode>
                </TextEquiv>
            </TextLine>
            <TextLine id="tr_3_tl_26" custom="readingOrder {index:25;}">
                <Coords points="3941,3232 4007,3269 4296,3212 4575,3255 4690,3212 4804,3269 4908,3214 5238,3229 5261,3168 4624,3137 4268,3177 4162,3134 3941,3180"/>
                <Baseline points="3955,3202 4044,3214 4134,3208 4224,3208 4313,3214 4403,3208 4493,3208 4582,3214 4672,3208 4761,3208 4851,3208 4941,3202 5030,3202 5120,3202 5210,3202 5269,3208"/>
                <TextEquiv>
                    <Unicode>erfreuen würden Sie mich mit einer</Unicode>
                </TextEquiv>
            </TextLine>
            <TextLine id="tr_3_tl_27" custom="readingOrder {index:26;}">
                <Coords points="1573,3312 2213,3361 3002,3266 3140,3346 3318,3260 3648,3275 3651,3171 1576,3246"/>
                <Baseline points="1589,3304 1595,3304 1684,3304 1774,3304 1864,3304 1953,3304 2043,3298 2133,3298 2222,3292 2312,3292 2401,3286 2491,3280 2581,3280 2670,3274 2760,3274 2849,3274 2939,3268 3029,3268 3118,3268 3208,3262 3298,3262 3387,3256 3477,3250 3566,3244 3656,3256"/>
                <TextEquiv>
                    <Unicode>Würden Sie die Güte haben, mir einzuteilen, um</Unicode>
                </TextEquiv>
            </TextLine>
            <TextLine id="tr_3_tl_28" custom="readingOrder {index:27;}">
                <Coords points="577,3349 672,3335 775,3367 832,3329 884,3346 936,3318 1053,3358 1105,3323 1237,3329 1240,3163 1185,3177 1125,3131 1039,3148 910,3223 588,3123"/>
                <Baseline points="597,3274 621,3274 711,3280 800,3280 890,3274 979,3268 1069,3262 1159,3256 1248,3256"/>
                <TextEquiv>
                    <Unicode>herzlich Ihr</Unicode>
                </TextEquiv>
            </TextLine>
            <TextLine id="tr_3_tl_29" custom="readingOrder {index:28;}">
                <Coords points="3926,3321 4041,3372 4265,3326 4428,3375 4578,3323 4882,3369 5215,3321 5215,3252 5005,3292 4779,3246 4652,3283 4236,3226 4018,3272 3926,3234"/>
                <Baseline points="3943,3316 4032,3321 4122,3321 4212,3321 4301,3327 4391,3321 4481,3321 4570,3321 4660,3321 4749,3316 4839,3316 4929,3316 5018,3316 5108,3316 5198,3310 5221,3316"/>
                <TextEquiv>
                    <Unicode>Nachricht. Auch wie weit Ihre neue</Unicode>
                </TextEquiv>
            </TextLine>
            <TextLine id="tr_3_tl_30" custom="readingOrder {index:29;}">
                <Coords points="1564,3513 1840,3550 2655,3427 3283,3444 3389,3415 3395,3332 1570,3387"/>
                <Baseline points="1583,3459 1607,3453 1696,3459 1786,3459 1876,3459 1965,3459 2055,3453 2144,3447 2234,3441 2324,3435 2413,3429 2503,3429 2593,3423 2682,3423 2772,3417 2861,3411 2951,3411 3041,3405 3130,3399 3220,3399 3310,3393 3399,3381"/>
                <TextEquiv>
                    <Unicode>welche Zeit ich bei Ihnen vorsprechen darf?</Unicode>
                </TextEquiv>
            </TextLine>
            <TextLine id="tr_3_tl_31" custom="readingOrder {index:30;}">
                <Coords points="488,3530 878,3484 1068,3493 1128,3536 1340,3496 1406,3521 1438,3332 1360,3303 1079,3361 933,3321 775,3367 499,3338"/>
                <Baseline points="507,3471 543,3477 633,3465 722,3459 812,3453 902,3453 991,3447 1081,3447 1171,3441 1260,3435 1350,3429 1439,3423"/>
                <TextEquiv>
                    <Unicode>Georg Hirschfeld.</Unicode>
                </TextEquiv>
            </TextLine>
            <TextLine id="tr_3_tl_32" custom="readingOrder {index:31;}">
                <Coords points="3926,3458 4380,3499 5045,3433 5120,3476 5266,3433 5269,3364 5111,3389 5043,3352 4922,3404 4856,3349 4690,3407 4271,3332 3929,3367"/>
                <Baseline points="3943,3435 4032,3441 4122,3441 4212,3441 4301,3441 4391,3441 4481,3441 4570,3441 4660,3441 4749,3435 4839,3435 4929,3435 5018,3429 5108,3429 5198,3429 5275,3435"/>
                <TextEquiv>
                    <Unicode>Arbeit fortgeschritten. Grüßen Sie das</Unicode>
                </TextEquiv>
            </TextLine>
            <TextLine id="tr_3_tl_33" custom="readingOrder {index:32;}">
                <Coords points="3926,3565 4095,3610 4322,3556 5310,3565 5312,3490 5226,3473 4675,3516 4466,3461 4136,3501 3929,3458"/>
                <Baseline points="3943,3549 3973,3555 4062,3555 4152,3555 4242,3555 4331,3549 4421,3555 4510,3555 4600,3549 4690,3543 4779,3543 4869,3537 4959,3537 5048,3537 5138,3543 5227,3543 5317,3543"/>
                <TextEquiv>
                    <Unicode>wunderschöne Wien von mir, insbesondere</Unicode>
                </TextEquiv>
            </TextLine>
            <TextLine id="tr_3_tl_34" custom="readingOrder {index:33;}">
                <Coords points="2520,3582 2787,3590 2830,3625 2968,3596 3068,3639 3114,3599 3209,3596 3263,3628 3329,3585 3332,3467 3189,3501 3091,3455 2982,3516 2919,3490 2838,3521 2732,3453 2640,3484 2523,3453"/>
                <Baseline points="2539,3566 2622,3572 2712,3572 2802,3578 2891,3572 2981,3566 3071,3566 3160,3560 3250,3560 3339,3549"/>
                <TextEquiv>
                    <Unicode>Mit bestem Gruß</Unicode>
                </TextEquiv>
            </TextLine>
            <TextLine id="tr_3_tl_35" custom="readingOrder {index:34;}">
                <Coords points="3920,3671 5295,3636 5295,3582 5100,3562 4888,3608 4704,3562 4578,3616 4371,3565 4225,3608 3920,3576"/>
                <Baseline points="3937,3644 3955,3638 4044,3644 4134,3644 4224,3644 4313,3644 4403,3644 4493,3638 4582,3638 4672,3638 4761,3632 4851,3632 4941,3626 5030,3626 5120,3632 5210,3632 5299,3638"/>
                <TextEquiv>
                    <Unicode>unsere gemeinsamen Bekannten u. em¬</Unicode>
                </TextEquiv>
            </TextLine>
            <TextLine id="tr_3_tl_36" custom="readingOrder {index:35;}">
                <Coords points="2451,3720 2686,3754 2956,3714 3128,3780 3562,3722 3702,3760 3705,3582 3470,3547 3260,3631 3143,3596 2991,3648 2864,3599 2692,3656 2454,3544"/>
                <Baseline points="2467,3680 2545,3680 2634,3686 2724,3692 2814,3692 2903,3692 2993,3686 3082,3686 3172,3692 3262,3680 3351,3680 3441,3680 3531,3680 3620,3668 3710,3668"/>
                <TextEquiv>
                    <Unicode>Ihr ergebener Georg Hirschfeld</Unicode>
                </TextEquiv>
            </TextLine>
            <TextLine id="tr_3_tl_37" custom="readingOrder {index:36;}">
                <Coords points="3926,3760 5304,3720 5278,3636 4345,3697 3929,3674"/>
                <Baseline points="3943,3734 3967,3728 4056,3722 4146,3722 4236,3716 4325,3716 4415,3722 4504,3716 4594,3716 4684,3716 4773,3710 4863,3710 4953,3710 5042,3710 5132,3710 5221,3710 5311,3710"/>
                <TextEquiv>
                    <Unicode>pfehlen Sie noch ritte Ihrer Frau Mutter. - Ich</Unicode>
                </TextEquiv>
            </TextLine>
            <TextLine id="tr_3_tl_38" custom="readingOrder {index:37;}">
                <Coords points="1619,3846 1679,3843 1696,3820 1774,3846 1799,3826 1843,3826 1868,3846 1906,3808 1954,3829 2018,3817 2000,3602 1929,3631 1877,3608 1851,3622 1797,3613 1777,3633 1731,3613 1713,3633 1676,3608 1601,3616"/>
                <Baseline points="1625,3722 1714,3734 1804,3734 1894,3746 1983,3752 2019,3758"/>
                <TextEquiv>
                    <Unicode>Montag</Unicode>
                </TextEquiv>
            </TextLine>
            <TextLine id="tr_3_tl_39" custom="readingOrder {index:38;}">
                <Coords points="3926,3860 4652,3806 4781,3863 5114,3829 5332,3866 5332,3737 3926,3754"/>
                <Baseline points="3943,3776 4032,3776 4122,3782 4212,3782 4301,3782 4391,3776 4481,3770 4570,3776 4660,3782 4749,3782 4839,3782 4929,3776 5018,3776 5108,3776 5198,3782 5287,3782 5341,3782"/>
                <TextEquiv>
                    <Unicode>wünsche Für den Sommer alles Gute und bleibe,</Unicode>
                </TextEquiv>
            </TextLine>
        </TextRegion>
        <TextRegion id="tr_2" custom="readingOrder {index:2;}">
            <Coords points="5437,2011 6841,2011 6841,4090 5437,4090"/>
            <TextLine id="tr_2_tl_1" custom="readingOrder {index:0;}">
                <Coords points="6403,2107 6423,2109 6443,2095 6480,2118 6501,2107 6529,2118 6564,2109 6621,2115 6627,1957 6587,1954 6567,1932 6532,1923 6503,1937 6469,1926 6458,1937 6443,1926 6412,1929"/>
                <Baseline points="6422,2073 6452,2073 6542,2079 6632,2061"/>
                <TextEquiv>
                    <Unicode>RÈS</Unicode>
                </TextEquiv>
            </TextLine>
            <TextLine id="tr_2_tl_2" custom="readingOrder {index:1;}">
                <Coords points="6383,2196 6420,2187 6463,2210 6532,2193 6684,2198 6719,2213 6773,2193 6816,2210 6813,2086 6742,2127 6704,2112 6483,2118 6380,2084"/>
                <Baseline points="6399,2162 6488,2162 6578,2162 6667,2162 6757,2168 6823,2168"/>
                <TextEquiv>
                    <Unicode>HÖTEL LOMBARDI, AIROLO</Unicode>
                </TextEquiv>
            </TextLine>
            <TextLine id="tr_2_tl_3" custom="readingOrder {index:2;}">
                <Coords points="6414,2247 6446,2236 6495,2244 6541,2264 6561,2256 6544,2196 6529,2201 6515,2193 6503,2201 6472,2204 6469,2210 6449,2204 6403,2210"/>
                <Baseline points="6428,2234 6488,2228 6578,2276"/>
                <TextEquiv>
                    <Unicode>C.H.F.</Unicode>
                </TextEquiv>
            </TextLine>
            <TextLine id="tr_2_tl_4" custom="readingOrder {index:3;}">
                <Coords points="6567,2325 6615,2325 6618,2333 6633,2328 6638,2339 6658,2328 6696,2325 6736,2336 6770,2204 6733,2201 6713,2213 6687,2204 6681,2210 6676,2201 6647,2207 6635,2198 6598,2196"/>
                <Baseline points="6594,2278 6685,2240 6769,2234"/>
                <TextEquiv>
                    <Unicode>TELOe</Unicode>
                </TextEquiv>
            </TextLine>
            <TextLine id="tr_2_tl_5" custom="readingOrder {index:4;}">
                <Coords points="6386,2342 6409,2336 6423,2348 6440,2339 6469,2362 6486,2351 6541,2362 6569,2356 6572,2264 6535,2264 6501,2241 6435,2241 6423,2233 6414,2239 6389,2230"/>
                <Baseline points="6404,2282 6488,2294 6578,2276"/>
                <TextEquiv>
                    <Unicode>DU MONI ye</Unicode>
                </TextEquiv>
            </TextLine>
            <TextLine id="tr_2_tl_6" custom="readingOrder {index:5;}">
                <Coords points="6455,2448 6503,2442 6641,2491 6687,2468 6716,2480 6753,2457 6811,2451 6811,2333 6739,2345 6701,2373 6664,2365 6633,2394 6584,2356 6552,2371 6535,2353 6455,2356"/>
                <Baseline points="6470,2407 6560,2419 6649,2413 6739,2413 6817,2413"/>
                <TextEquiv>
                    <Unicode>24. Juli 96</Unicode>
                </TextEquiv>
            </TextLine>
            <TextLine id="tr_2_tl_7" custom="readingOrder {index:6;}">
                <Coords points="5998,2540 6139,2526 6239,2580 6294,2540 6495,2531 6676,2586 6673,2488 6604,2468 6414,2474 6374,2440 6162,2457 6093,2422 5995,2457"/>
                <Baseline points="6010,2509 6100,2515 6189,2521 6279,2521 6369,2527 6458,2527 6548,2533 6637,2533 6679,2527"/>
                <TextEquiv>
                    <Unicode>Lieber Herr Doctor,</Unicode>
                </TextEquiv>
            </TextLine>
            <TextLine id="tr_2_tl_8" custom="readingOrder {index:7;}">
                <Coords points="5881,2660 6079,2632 6231,2681 6429,2649 6495,2689 6621,2655 6833,2663 6833,2589 6770,2574 5881,2580"/>
                <Baseline points="5897,2640 5986,2628 6076,2634 6165,2634 6255,2634 6345,2634 6434,2634 6524,2640 6614,2640 6703,2640 6793,2634 6841,2640"/>
                <TextEquiv>
                    <Unicode>seit 8 Lagen bin ich hier bei</Unicode>
                </TextEquiv>
            </TextLine>
            <TextLine id="tr_2_tl_9" custom="readingOrder {index:8;}">
                <Coords points="5869,2787 6061,2732 6231,2772 6303,2735 6779,2749 6756,2681 6489,2689 6357,2649 6239,2681 6079,2632 5866,2660"/>
                <Baseline points="5885,2724 5974,2724 6064,2730 6154,2730 6243,2730 6333,2730 6422,2736 6512,2736 6602,2736 6691,2736 6781,2736 6787,2736"/>
                <TextEquiv>
                    <Unicode>Dr. Brahm u. komme in</Unicode>
                </TextEquiv>
            </TextLine>
            <TextLine id="tr_2_tl_10" custom="readingOrder {index:9;}">
                <Coords points="5599,2813 5734,2810 5746,2798 5792,2813 5838,2810 5809,2646 5786,2646 5780,2658 5749,2652 5714,2669 5683,2666 5654,2681 5631,2666 5576,2681"/>
                <Baseline points="5610,2778 5676,2784 5765,2790 5849,2826"/>
                <TextEquiv>
                    <Unicode>Unterw.</Unicode>
                </TextEquiv>
            </TextLine>
            <TextLine id="tr_2_tl_11" custom="readingOrder {index:10;}">
                <Coords points="6549,2810 6615,2787 6635,2790 6650,2804 6684,2787 6710,2807 6730,2793 6750,2810 6779,2807 6779,2747 6713,2752 6693,2735 6678,2735 6656,2755 6612,2744 6549,2755"/>
                <Baseline points="6566,2778 6655,2784 6745,2784 6787,2784"/>
                <TextEquiv>
                    <Unicode>von Piere</Unicode>
                </TextEquiv>
            </TextLine>
            <TextLine id="tr_2_tl_12" custom="readingOrder {index:11;}">
                <Coords points="5832,2873 6004,2876 6102,2830 6357,2881 6443,2833 6638,2876 6750,2838 6822,2859 6819,2793 6572,2798 6435,2738 6231,2775 5935,2758 5829,2810"/>
                <Baseline points="5849,2826 5938,2820 6028,2826 6118,2826 6207,2826 6297,2826 6387,2826 6476,2832 6566,2838 6655,2838 6745,2838 6829,2826"/>
                <TextEquiv>
                    <Unicode>dem großen Frieden ent¬</Unicode>
                </TextEquiv>
            </TextLine>
            <TextLine id="tr_2_tl_13" custom="readingOrder {index:12;}">
                <Coords points="5456,2853 5510,2847 5611,2884 5651,2856 5772,2887 5840,2879 5843,2813 5774,2801 5763,2813 5617,2813 5591,2793 5536,2810 5502,2793 5459,2798"/>
                <Baseline points="5472,2838 5490,2838 5580,2844 5670,2844 5759,2844 5849,2826"/>
                <TextEquiv>
                    <Unicode>FELIX LOMBARDI, PROPÉ,</Unicode>
                </TextEquiv>
            </TextLine>
            <TextLine id="tr_2_tl_14" custom="readingOrder {index:13;}">
                <Coords points="5467,2962 5757,2973 5872,2922 6452,2979 6604,2925 6813,2947 6788,2856 5467,2859"/>
                <Baseline points="5484,2933 5574,2927 5664,2927 5753,2927 5843,2921 5932,2921 6022,2921 6112,2921 6201,2921 6291,2921 6381,2921 6470,2921 6560,2921 6649,2921 6739,2921 6817,2933"/>
                <TextEquiv>
                    <Unicode>zur Arbeit. – Die Untersuchung beim Mi¬</Unicode>
                </TextEquiv>
            </TextLine>
            <TextLine id="tr_2_tl_15" custom="readingOrder {index:14;}">
                <Coords points="5433,3025 5884,3028 6064,3080 6188,3036 6460,3088 6549,3028 6739,3034 6773,2947 5433,2976"/>
                <Baseline points="5449,3011 5538,3017 5628,3017 5717,3017 5807,3017 5897,3017 5986,3017 6076,3017 6165,3023 6255,3023 6345,3023 6434,3023 6524,3017 6614,3017 6703,3017 6781,3011"/>
                <TextEquiv>
                    <Unicode>litär hatte das Ergebnis, daß ich auf 1</Unicode>
                </TextEquiv>
            </TextLine>
            <TextLine id="tr_2_tl_16" custom="readingOrder {index:15;}">
                <Coords points="5433,3137 5918,3180 6093,3131 6334,3174 6397,3134 6546,3177 6816,3120 6816,3065 6733,3031 6371,3094 6188,3034 6064,3077 5884,3025 5433,3031"/>
                <Baseline points="5449,3124 5478,3118 5568,3118 5658,3118 5747,3118 5837,3118 5926,3118 6016,3118 6106,3118 6195,3118 6285,3118 6375,3118 6464,3118 6554,3124 6643,3112 6733,3112 6823,3112"/>
                <TextEquiv>
                    <Unicode>Jahr zurückgestellt wurde – ich hette also</Unicode>
                </TextEquiv>
            </TextLine>
            <TextLine id="tr_2_tl_17" custom="readingOrder {index:16;}">
                <Coords points="5439,3220 6176,3226 6374,3280 6501,3229 6790,3223 6710,3131 6535,3180 6406,3134 6059,3183 5439,3154"/>
                <Baseline points="5454,3208 5544,3208 5634,3208 5723,3214 5813,3208 5903,3214 5992,3214 6082,3220 6171,3220 6261,3214 6351,3214 6440,3214 6530,3214 6620,3208 6709,3208 6799,3214 6805,3208"/>
                <TextEquiv>
                    <Unicode>bestimmt im October zur Première der</Unicode>
                </TextEquiv>
            </TextLine>
            <TextLine id="tr_2_tl_18" custom="readingOrder {index:17;}">
                <Coords points="5421,3361 5855,3315 6125,3375 6291,3312 6684,3352 6799,3338 6802,3255 6722,3212 6383,3283 6148,3220 5792,3269 5708,3223 5424,3240"/>
                <Baseline points="5437,3304 5526,3310 5616,3310 5705,3316 5795,3316 5885,3310 5974,3316 6064,3316 6154,3316 6243,3316 6333,3310 6422,3304 6512,3304 6602,3304 6691,3304 6781,3304 6805,3304"/>
                <TextEquiv>
                    <Unicode>Mutter nach Wien zu kommen und Sie</Unicode>
                </TextEquiv>
            </TextLine>
            <TextLine id="tr_2_tl_19" custom="readingOrder {index:18;}">
                <Coords points="5433,3418 5645,3455 5815,3421 5932,3470 6512,3412 6587,3455 6816,3427 6816,3329 6552,3378 6391,3332 6113,3372 5950,3329 5777,3392 5433,3355"/>
                <Baseline points="5449,3411 5538,3411 5628,3417 5717,3417 5807,3417 5897,3417 5986,3417 6076,3411 6165,3411 6255,3411 6345,3411 6434,3411 6524,3411 6614,3411 6703,3411 6793,3411 6823,3411"/>
                <TextEquiv>
                    <Unicode>dann wiederzusehen. – In Schlesien hielt es</Unicode>
                </TextEquiv>
            </TextLine>
            <TextLine id="tr_2_tl_20" custom="readingOrder {index:19;}">
                <Coords points="5421,3524 5866,3550 6110,3507 6305,3562 6414,3513 6506,3550 6615,3501 6739,3519 6739,3441 6432,3484 6274,3424 6205,3467 6064,3430 5924,3470 5806,3424 5688,3473 5421,3467"/>
                <Baseline points="5437,3507 5490,3507 5580,3507 5670,3507 5759,3507 5849,3507 5938,3501 6028,3507 6118,3501 6207,3501 6297,3501 6387,3507 6476,3507 6566,3507 6655,3501 6745,3495"/>
                <TextEquiv>
                    <Unicode>mich nicht lange. Wenn man nach der</Unicode>
                </TextEquiv>
            </TextLine>
            <TextLine id="tr_2_tl_21" custom="readingOrder {index:20;}">
                <Coords points="5427,3636 5553,3602 5786,3648 5990,3596 6587,3628 6779,3590 6779,3519 6412,3513 6300,3562 5993,3510 5731,3573 5427,3524"/>
                <Baseline points="5443,3596 5532,3596 5622,3602 5711,3602 5801,3602 5891,3596 5980,3596 6070,3596 6160,3596 6249,3596 6339,3596 6428,3596 6518,3596 6608,3584 6697,3584 6787,3584"/>
                <TextEquiv>
                    <Unicode>Schweiz reisen kann, soll man es thun, es</Unicode>
                </TextEquiv>
            </TextLine>
            <TextLine id="tr_2_tl_22" custom="readingOrder {index:21;}">
                <Coords points="5421,3711 5754,3702 5826,3740 5967,3691 6162,3742 6237,3697 6449,3722 6535,3685 6656,3725 6756,3679 6759,3590 6466,3602 6305,3665 6033,3599 5777,3651 5737,3616 5424,3631"/>
                <Baseline points="5437,3710 5508,3704 5598,3704 5688,3704 5777,3698 5867,3692 5956,3692 6046,3686 6136,3692 6225,3686 6315,3686 6404,3686 6494,3686 6584,3680 6673,3668 6763,3668"/>
                <TextEquiv>
                    <Unicode>ist sehr schön hier! Bei Ihnen wohl auch?</Unicode>
                </TextEquiv>
            </TextLine>
            <TextLine id="tr_2_tl_23" custom="readingOrder {index:22;}">
                <Coords points="5433,3794 6799,3783 6799,3697 5433,3731"/>
                <Baseline points="5449,3782 5460,3782 5550,3782 5640,3776 5729,3782 5819,3788 5909,3788 5998,3782 6088,3782 6177,3776 6267,3770 6357,3770 6446,3764 6536,3764 6626,3764 6715,3758 6805,3758"/>
                <TextEquiv>
                    <Unicode>sein Sie herzlich gezeigt von Ihrem getraum</Unicode>
                </TextEquiv>
            </TextLine>
            <TextLine id="tr_2_tl_24" custom="readingOrder {index:23;}">
                <Coords points="5433,3866 5697,3843 6033,3906 6423,3843 6690,3889 6793,3857 6796,3780 5436,3791"/>
                <Baseline points="5449,3835 5454,3835 5544,3841 5634,3841 5723,3841 5813,3853 5903,3865 5992,3871 6082,3871 6171,3853 6261,3841 6351,3841 6440,3835 6530,3829 6620,3835 6709,3829 6799,3829"/>
                <TextEquiv>
                    <Unicode>Noch andern rauf seine schöne Ihren Herz Hirschfeld.</Unicode>
                </TextEquiv>
            </TextLine>
            <TextLine id="tr_2_tl_25" custom="readingOrder {index:24;}">
                <Coords points="5479,3941 6569,3955 6788,4004 6782,3854 6658,3889 6423,3843 6303,3900 5918,3909 5680,3843 5476,3889"/>
                <Baseline points="5496,3925 5586,3931 5676,3931 5765,3931 5855,3937 5944,3943 6034,3943 6124,3949 6213,3943 6303,3943 6393,3943 6482,3949 6572,3955 6661,3961 6751,3973 6793,3973"/>
                <TextEquiv>
                    <Unicode>Also wie jetzt es da aber? Essen</Unicode>
                </TextEquiv>
            </TextLine>
            <TextLine id="tr_2_tl_26" custom="readingOrder {index:25;}">
                <Coords points="5513,4055 5602,4064 5651,4095 5737,4061 5815,4098 5961,4098 5950,3952 5895,3978 5809,3938 5769,3958 5737,3938 5637,3963 5571,3926 5505,3932"/>
                <Baseline points="5526,3991 5604,3997 5693,4003 5783,4009 5873,4009 5962,4029"/>
                <TextEquiv>
                    <Unicode>Sie nicht zu ver¬</Unicode>
                </TextEquiv>
            </TextLine>
            <TextLine id="tr_2_tl_27" custom="readingOrder {index:26;}">
                <Coords points="5947,4047 6013,4015 6050,4038 6136,4018 6239,4018 6277,4044 6303,4029 6328,4038 6348,4029 6346,3946 6300,3972 6205,3946 6156,3975 6113,3978 6007,3946 5944,3958"/>
                <Baseline points="5962,4029 6058,4009 6148,4015 6169,4023 6169,4023 6261,4009 6356,4043"/>
                <TextEquiv>
                    <Unicode>ce; en titres</Unicode>
                </TextEquiv>
            </TextLine>
            <TextLine id="tr_2_tl_28" custom="readingOrder {index:27;}">
                <Coords points="6340,4052 6435,4018 6676,4067 6719,4055 6716,4001 6567,3955 6532,3978 6498,3963 6443,3984 6420,3969 6386,3992 6360,3972 6337,3978"/>
                <Baseline points="6356,4043 6452,4015 6542,4027 6632,4038 6721,4050 6727,4050"/>
                <TextEquiv>
                    <Unicode>her heeftlieber</Unicode>
                </TextEquiv>
            </TextLine>
            <TextLine id="tr_2_tl_29" custom="readingOrder {index:28;}">
                <Coords points="5950,4084 5970,4090 5990,4070 6021,4084 6168,4075 6248,4118 6280,4098 6351,4107 6346,4024 6280,4044 6237,4018 6073,4024 6050,4038 5972,3998 5947,4009"/>
                <Baseline points="5962,4029 6052,4056 6142,4068 6171,4061 6171,4061 6261,4068 6356,4043"/>
                <TextEquiv>
                    <Unicode>wurz, was</Unicode>
                </TextEquiv>
            </TextLine>
            <TextLine id="tr_2_tl_30" custom="readingOrder {index:29;}">
                <Coords points="6351,4107 6383,4101 6409,4110 6423,4093 6443,4093 6486,4113 6544,4101 6529,4024 6501,4035 6475,4024 6443,4027 6435,4018 6391,4038 6371,4032 6360,4047 6343,4052"/>
                <Baseline points="6356,4043 6446,4074 6536,4080 6548,4080"/>
                <TextEquiv>
                    <Unicode>am in</Unicode>
                </TextEquiv>
            </TextLine>
        </TextRegion>
    </Page>
</PcGts>
