4072 4536
2396 464 2812 635 22.3.1917.
1630 567 3657 845 Kaufbeuren in Bayern, II. Garnison-Bataillon,
2868 754 3526 980 4. Kompagnie.
1464 1067 2166 1257 Lieber Freund!
988 1249 3562 1444 Als ich Ihnen zu Neujahr über mein neues Stück schrieb
567 1376 3597 1606 und Ihre gütige, freundschaftliche Antwort, für die ich Ihnen noch herz¬
559 1559 3617 1769 lich danke, empfing, glaubte ich die Arbeit in einem Juge so abschlie¬
555 1678 3657 1943 sten zu können, daß ich sie dem Burgtheater bald übersenden könnte.
563 1860 3625 2039 Aber das Militär hat es anders mit mir gewollt. Ich wurde Anfang
551 2019 3657 2158 Februar von Mugeburg nach Kaufbauern versetzt und fand hier nach
563 2114 3582 2300 der leichteren Augsburger Zeit, die mich sogar das Stück durchführen
559 2273 3665 2443 ließ, einen umso schwereren Dienst. Den ganzen Tag war ich in Anspruch
559 2443 3681 2606 genommen, war wieder bei der Mannschaft in Quartier u. s. w. - aber
563 2570 3677 2764 dann wurde es besser, und jetzt habe ich mich hier soweit eingelebt und
3772 2638 3895 2768 G.F.P.
579 2721 3673 2915 gearbeitet, daß ich, im eigenen Quartier, endlich wieder Zeit zu literari¬
595 2911 3665 3062 scher Arbeit fand. Ich konnte nun das Letzte an dem Stück noch tun
3736 2919 3907 3066 g1e 0
551 3074 3641 3225 Und sende es morgen an das Bürgtheater. Ihre gütige Bereitwillig¬
555 3209 3629 3348 keit, meiner Sache, die so große Bedeutung gerade jetzt für mich hat, durch
543 3284 3597 3494 tatkräftiges Interesse beizustehen, hat mir so wohl getan. Es wäre
547 3451 3570 3645 so unendlich viel für mich, in all' dem, was nun einmal notwendig,
551 3574 3582 3796 den schönen, ablenkenden, ermutigenden halt durch eine Wiener Auf¬
531 3772 3665 3942 führung zu finden, an der Stelle, die mich doch schon zu Erfolgen geführt
571 3907 3708 4061 hat. Ich will mir gewiß nicht zuviel Hoffnung machen, und mein neben
520 4077 3708 4216 hat mich gegen Enttäuschung gewappnet, aber jetzt gehört meine Hoffindruck
1856 4149 3621 4363 heißt „Das hohe Ziel“, eine Tragödie
1658 4169 1836 4395 Sie
528 4172 1618 4383 der neuen Achtung nach.
2320 4284 3387 4407 immer Junger Leute.
