<?xml version="1.0" encoding="UTF-8" standalone="yes"?>
<PcGts xmlns="http://schema.primaresearch.org/PAGE/gts/pagecontent/2013-07-15" xmlns:xsi="http://www.w3.org/2001/XMLSchema-instance" xsi:schemaLocation="http://schema.primaresearch.org/PAGE/gts/pagecontent/2013-07-15 http://schema.primaresearch.org/PAGE/gts/pagecontent/2013-07-15/pagecontent.xsd">
    <Metadata>
        <Creator>prov=READ-COOP:name=TrHtr:version=2.1.0:model_id=51170:date=25_07_2023_05:13</Creator>
        <Created>2023-05-01T21:55:49.713+02:00</Created>
        <LastChange>2023-07-25T05:13:16.755+02:00</LastChange>
        <TranskribusMetadata docId="1416435" pageId="54946067" pageNr="16" tsid="130585659" status="IN_PROGRESS" userId="64420" imgUrl="https://files.transkribus.eu/Get?id=RGMAIUMVKOMEAYLIDXBRJTIH&amp;fileType=view" xmlUrl="https://files.transkribus.eu/Get?id=IZMIIOOGLFAELVXERGLXTCLF" imageId="44450152"/>
    </Metadata>
    <Page imageFilename="1416435_0016.jpg" imageWidth="5026" imageHeight="4504">
        <ReadingOrder>
            <OrderedGroup id="ro_1711831647309" caption="Regions reading order">
                <RegionRefIndexed index="0" regionRef="tr_2"/>
                <RegionRefIndexed index="1" regionRef="tr_1"/>
            </OrderedGroup>
        </ReadingOrder>
        <TextRegion id="tr_2" custom="readingOrder {index:0;}">
            <Coords points="1051,642 4850,642 4850,3510 1051,3510"/>
            <TextLine id="tr_2_tl_1" custom="readingOrder {index:0;}">
                <Coords points="2740,802 2909,859 3296,767 3522,790 3690,737 3850,752 3966,714 3972,630 3589,666 3292,611 3069,661 2751,623"/>
                <Baseline points="2753,770 2807,758 2897,752 2986,746 3076,740 3165,734 3255,734 3345,728 3434,722 3524,710 3613,710 3703,704 3793,698 3882,692 3972,698"/>
                <TextEquiv>
                    <Unicode>Jusposé avec nouveau s Chapons</Unicode>
                </TextEquiv>
            </TextLine>
            <TextLine id="tr_2_tl_2" custom="readingOrder {index:1;}">
                <Coords points="4360,807 4373,809 4408,845 4432,843 4451,857 4465,851 4499,857 4520,735 4507,733 4465,750 4442,727 4415,737 4396,725 4375,725"/>
                <Baseline points="4372,806 4426,800 4515,782"/>
                <TextEquiv>
                    <Unicode>G.C.P.</Unicode>
                </TextEquiv>
            </TextLine>
            <TextLine id="tr_2_tl_3" custom="readingOrder {index:2;}">
                <Coords points="2707,1171 4103,1081 4259,1034 4269,908 4179,895 4025,994 3524,1013 3402,1068 3022,982 2719,1026"/>
                <Baseline points="2723,1134 2741,1128 2831,1128 2921,1128 3010,1123 3100,1117 3189,1105 3279,1099 3369,1093 3458,1087 3548,1081 3637,1075 3727,1069 3817,1057 3906,1051 3996,1039 4085,1033 4175,1021 4265,1021"/>
                <TextEquiv>
                    <Unicode>Wan kommen und den letzten Akt</Unicode>
                </TextEquiv>
            </TextLine>
            <TextLine id="tr_2_tl_4" custom="readingOrder {index:3;}">
                <Coords points="1637,1148 1824,1106 1910,1163 2045,1099 2620,1057 2626,973 2498,1011 2148,977 1929,1030 1856,1009 1816,1034 1757,1000 1647,1019"/>
                <Baseline points="1648,1128 1732,1111 1821,1111 1911,1105 2001,1099 2090,1093 2180,1081 2269,1075 2359,1063 2449,1051 2538,1039 2628,1033"/>
                <TextEquiv>
                    <Unicode>s.o. Köpenicker: Str. 116.</Unicode>
                </TextEquiv>
            </TextLine>
            <TextLine id="tr_2_tl_5" custom="readingOrder {index:4;}">
                <Coords points="4461,1205 4478,1213 4518,1192 4562,1215 4608,1182 4636,1196 4657,1184 4686,1196 4773,1180 4840,1194 4849,1110 4815,1102 4754,1118 4726,1106 4678,1121 4627,1112 4615,1123 4594,1108 4562,1125 4526,1110 4505,1125 4467,1112"/>
                <Baseline points="4474,1176 4492,1176 4581,1170 4671,1164 4760,1158 4850,1146"/>
                <TextEquiv>
                    <Unicode>reprisir.</Unicode>
                </TextEquiv>
            </TextLine>
            <TextLine id="tr_2_tl_6" custom="readingOrder {index:5;}">
                <Coords points="2683,1316 3157,1281 3252,1325 3442,1257 3642,1297 3835,1213 4212,1236 4299,1217 4307,1118 3755,1190 3239,1158 2814,1274 2690,1234"/>
                <Baseline points="2700,1272 2783,1290 2873,1290 2962,1284 3052,1278 3142,1272 3231,1266 3321,1260 3410,1254 3500,1248 3590,1236 3679,1230 3769,1218 3858,1212 3948,1206 4038,1200 4127,1188 4217,1182 4306,1182"/>
                <TextEquiv>
                    <Unicode>meiner Agnes noch einmal durch¬</Unicode>
                </TextEquiv>
            </TextLine>
            <TextLine id="tr_2_tl_7" custom="readingOrder {index:6;}">
                <Coords points="1691,1369 1744,1350 1778,1369 1900,1340 1931,1352 2132,1287 2212,1327 2325,1321 2334,1201 2273,1192 2214,1224 2172,1201 2096,1226 2001,1198 1889,1228 1704,1186"/>
                <Baseline points="1708,1308 1798,1308 1887,1302 1977,1296 2066,1290 2156,1284 2246,1278 2335,1260"/>
                <TextEquiv>
                    <Unicode>Berlin, 23.1.97</Unicode>
                </TextEquiv>
            </TextLine>
            <TextLine id="tr_2_tl_8" custom="readingOrder {index:7;}">
                <Coords points="2694,1531 3088,1443 3185,1500 3326,1428 3591,1441 3680,1390 3825,1451 4128,1390 4370,1415 4381,1300 3894,1260 3682,1344 3433,1316 2980,1384 2713,1304"/>
                <Baseline points="2711,1463 2771,1463 2861,1451 2950,1445 3040,1445 3130,1439 3219,1427 3309,1421 3398,1415 3488,1409 3578,1397 3667,1391 3757,1379 3846,1373 3936,1367 4026,1355 4115,1350 4205,1344 4294,1338 4384,1332"/>
                <TextEquiv>
                    <Unicode>arbeiten, (im übrigen wird sie bis dahin</Unicode>
                </TextEquiv>
            </TextLine>
            <TextLine id="tr_2_tl_9" custom="readingOrder {index:8;}">
                <Coords points="2787,1706 3020,1714 3627,1563 3758,1620 4141,1517 4345,1533 4356,1413 3861,1439 3579,1523 3427,1485 3199,1535 3037,1481 2799,1575"/>
                <Baseline points="2807,1624 2831,1624 2921,1624 3010,1618 3100,1606 3189,1600 3279,1588 3369,1582 3458,1576 3548,1576 3637,1559 3727,1553 3817,1541 3906,1535 3996,1523 4085,1511 4175,1505 4265,1493 4354,1487"/>
                <TextEquiv>
                    <Unicode>fertig sein) - Ich freue mich auf Wien und</Unicode>
                </TextEquiv>
            </TextLine>
            <TextLine id="tr_2_tl_10" custom="readingOrder {index:9;}">
                <Coords points="1234,1611 1348,1601 1506,1643 1759,1563 1799,1592 1877,1550 1942,1582 2075,1584 2081,1495 1955,1470 1771,1500 1624,1470 1506,1493 1245,1462"/>
                <Baseline points="1248,1588 1278,1594 1367,1588 1457,1582 1547,1576 1636,1571 1726,1565 1815,1559 1905,1547 1995,1541 2084,1535"/>
                <TextEquiv>
                    <Unicode>Lieber Herr Doctor,</Unicode>
                </TextEquiv>
            </TextLine>
            <TextLine id="tr_2_tl_11" custom="readingOrder {index:10;}">
                <Coords points="2719,1866 2801,1902 2959,1830 3124,1854 3322,1767 3465,1790 3791,1717 3903,1761 4082,1704 4383,1738 4398,1588 3804,1626 3408,1727 3130,1674 2831,1759 2732,1736"/>
                <Baseline points="2735,1815 2783,1809 2873,1798 2962,1786 3052,1786 3142,1780 3231,1774 3321,1762 3410,1756 3500,1744 3590,1738 3679,1726 3769,1714 3858,1696 3948,1690 4038,1678 4127,1672 4217,1660 4306,1642 4396,1636"/>
                <TextEquiv>
                    <Unicode>eine Woche oder zwei ruhig dort sein.</Unicode>
                </TextEquiv>
            </TextLine>
            <TextLine id="tr_2_tl_12" custom="readingOrder {index:11;}">
                <Coords points="1129,1894 1344,1898 1590,1805 1656,1847 1963,1763 2429,1744 2536,1721 2546,1634 2429,1611 2180,1693 1142,1782"/>
                <Baseline points="1146,1839 1200,1839 1290,1833 1379,1833 1469,1815 1559,1809 1648,1803 1738,1792 1827,1780 1917,1768 2007,1756 2096,1750 2186,1744 2275,1726 2365,1720 2455,1708 2544,1696"/>
                <TextEquiv>
                    <Unicode>ich habe eine große Bitte: Wollen</Unicode>
                </TextEquiv>
            </TextLine>
            <TextLine id="tr_2_tl_13" custom="readingOrder {index:12;}">
                <Coords points="2778,2028 3170,1942 3539,1961 4065,1843 4278,1868 4417,1843 4427,1733 4177,1784 4036,1746 3884,1826 3555,1807 3300,1908 2795,1870"/>
                <Baseline points="2795,1971 2813,1971 2903,1965 2992,1959 3082,1947 3171,1941 3261,1935 3351,1929 3440,1911 3530,1911 3619,1899 3709,1887 3799,1875 3888,1869 3978,1857 4067,1845 4157,1833 4247,1821 4336,1809 4426,1803"/>
                <TextEquiv>
                    <Unicode>zu können. Also vielen Dank voraus</Unicode>
                </TextEquiv>
            </TextLine>
            <TextLine id="tr_2_tl_14" custom="readingOrder {index:13;}">
                <Coords points="1051,2011 1430,2045 1948,1929 2578,1894 2584,1830 2203,1822 1906,1902 1801,1858 1238,1967 1059,1919"/>
                <Baseline points="1063,2013 1152,2007 1242,2001 1332,1995 1421,1983 1511,1971 1600,1965 1690,1959 1780,1947 1869,1941 1959,1929 2048,1917 2138,1905 2228,1899 2317,1887 2407,1881 2496,1869 2586,1869"/>
                <TextEquiv>
                    <Unicode>Sie mir, falls Sie etwas über den</Unicode>
                </TextEquiv>
            </TextLine>
            <TextLine id="tr_2_tl_15" custom="readingOrder {index:14;}">
                <Coords points="2818,2186 3115,2153 3300,2190 3612,2104 4295,2079 4303,1986 4132,1938 3926,2018 3741,1978 3092,2104 2831,2064"/>
                <Baseline points="2831,2162 2873,2156 2962,2150 3052,2144 3142,2138 3231,2132 3321,2120 3410,2114 3500,2102 3590,2090 3679,2084 3769,2072 3858,2060 3948,2048 4038,2042 4127,2025 4217,2013 4306,2007"/>
                <TextEquiv>
                    <Unicode>und viele Grüße Ihres getreuen</Unicode>
                </TextEquiv>
            </TextLine>
            <TextLine id="tr_2_tl_16" custom="readingOrder {index:15;}">
                <Coords points="1034,2222 1213,2243 1363,2165 2011,2134 2193,2077 2618,2094 2654,1999 2542,1936 2330,2016 2188,1978 2060,2049 1487,2022 1049,2066"/>
                <Baseline points="1051,2180 1134,2180 1224,2168 1314,2162 1403,2150 1493,2144 1582,2132 1672,2126 1762,2114 1851,2102 1941,2096 2030,2090 2120,2078 2210,2066 2299,2060 2389,2048 2478,2042 2568,2036 2658,2030"/>
                <TextEquiv>
                    <Unicode>Aufführungstermin der Versunkenen</Unicode>
                </TextEquiv>
            </TextLine>
            <TextLine id="tr_2_tl_17" custom="readingOrder {index:16;}">
                <Coords points="1051,2420 1167,2355 1411,2365 1508,2311 1725,2342 2466,2209 2593,2254 2660,2237 2671,2132 2315,2142 2106,2207 1645,2190 1439,2268 1068,2247"/>
                <Baseline points="1069,2347 1146,2341 1236,2335 1326,2323 1415,2317 1505,2305 1594,2299 1684,2287 1774,2281 1863,2269 1953,2257 2042,2246 2132,2240 2222,2228 2311,2222 2401,2216 2490,2204 2580,2198 2670,2192"/>
                <TextEquiv>
                    <Unicode>Glocke am Burgtheater wissen, Nach¬</Unicode>
                </TextEquiv>
            </TextLine>
            <TextLine id="tr_2_tl_18" custom="readingOrder {index:17;}">
                <Coords points="3461,2336 3831,2275 3958,2313 4132,2277 4234,2298 4267,2115 4221,2102 4164,2136 4099,2117 3890,2165 3595,2132 3480,2150"/>
                <Baseline points="3476,2287 3548,2281 3637,2269 3727,2257 3817,2246 3906,2240 3996,2234 4085,2222 4175,2210 4265,2198"/>
                <TextEquiv>
                    <Unicode>Georg Hirschfeld.</Unicode>
                </TextEquiv>
            </TextLine>
            <TextLine id="tr_2_tl_19" custom="readingOrder {index:18;}">
                <Coords points="1076,2542 2388,2399 2692,2441 2723,2308 2466,2275 2028,2380 1835,2348 1569,2439 1087,2431"/>
                <Baseline points="1093,2496 1111,2496 1200,2496 1290,2496 1379,2490 1469,2484 1559,2473 1648,2467 1738,2461 1827,2449 1917,2443 2007,2431 2096,2419 2186,2413 2275,2401 2365,2395 2455,2383 2544,2377 2634,2371 2723,2371"/>
                <TextEquiv>
                    <Unicode>richt geben, was Sie wissen? – Von Haupt¬</Unicode>
                </TextEquiv>
            </TextLine>
            <TextLine id="tr_2_tl_20" custom="readingOrder {index:19;}">
                <Coords points="1072,2711 1613,2641 1927,2671 2068,2593 2178,2641 2707,2544 2711,2494 2542,2462 2386,2525 2285,2490 2039,2557 1081,2631"/>
                <Baseline points="1087,2676 1099,2682 1188,2676 1278,2664 1367,2664 1457,2652 1547,2646 1636,2634 1726,2628 1815,2622 1905,2610 1995,2604 2084,2592 2174,2580 2263,2574 2353,2562 2443,2550 2532,2550 2622,2532 2711,2526"/>
                <TextEquiv>
                    <Unicode>mann komtte ich nichts erfahren, der</Unicode>
                </TextEquiv>
            </TextLine>
            <TextLine id="tr_2_tl_21" custom="readingOrder {index:20;}">
                <Coords points="1095,2890 1300,2894 1624,2806 1702,2848 1803,2791 2704,2774 2717,2643 1106,2778"/>
                <Baseline points="1111,2855 1194,2849 1284,2837 1373,2831 1463,2825 1553,2813 1642,2801 1732,2795 1821,2789 1911,2777 2001,2771 2090,2759 2180,2753 2269,2741 2359,2729 2449,2723 2538,2717 2628,2711 2717,2705"/>
                <TextEquiv>
                    <Unicode>ist jetzt glaub' ich auch schon fort, nach</Unicode>
                </TextEquiv>
            </TextLine>
            <TextLine id="tr_2_tl_22" custom="readingOrder {index:21;}">
                <Coords points="1066,3044 2372,2890 2753,2907 2766,2784 2509,2829 2361,2778 2138,2858 1746,2841 1472,2928 1083,2888"/>
                <Baseline points="1081,3010 1152,3004 1242,2998 1332,2986 1421,2980 1511,2974 1600,2962 1690,2950 1780,2944 1869,2932 1959,2921 2048,2909 2138,2897 2228,2891 2317,2885 2407,2879 2496,2867 2586,2861 2676,2849 2765,2849"/>
                <TextEquiv>
                    <Unicode>Dresden, und weiß wohl selber nichts</Unicode>
                </TextEquiv>
            </TextLine>
            <TextLine id="tr_2_tl_23" custom="readingOrder {index:22;}">
                <Coords points="1093,3204 2348,3039 2481,3109 2688,3041 2696,2940 1106,3088"/>
                <Baseline points="1111,3159 1170,3153 1260,3148 1350,3142 1439,3130 1529,3124 1618,3112 1708,3106 1798,3094 1887,3088 1977,3082 2066,3070 2156,3058 2246,3046 2335,3040 2425,3028 2514,3028 2604,3016 2694,3004"/>
                <TextEquiv>
                    <Unicode>Bestimmtes, und die Blätter sind</Unicode>
                </TextEquiv>
            </TextLine>
            <TextLine id="tr_2_tl_24" custom="readingOrder {index:23;}">
                <Coords points="1112,3332 1232,3359 1864,3254 2007,3305 2374,3208 2780,3231 2791,3111 2658,3069 2123,3193 1942,3134 1677,3235 1121,3237"/>
                <Baseline points="1123,3327 1176,3321 1266,3315 1355,3309 1445,3297 1535,3291 1624,3279 1714,3267 1803,3261 1893,3249 1983,3237 2072,3231 2162,3225 2252,3213 2341,3207 2431,3207 2520,3201 2610,3195 2700,3183 2789,3177"/>
                <TextEquiv>
                    <Unicode>noch still davon. Anfang Februar wäre</Unicode>
                </TextEquiv>
            </TextLine>
            <TextLine id="tr_2_tl_25" custom="readingOrder {index:24;}">
                <Coords points="1118,3528 1828,3423 2056,3463 2481,3393 2669,3452 2732,3437 2747,3282 1133,3395"/>
                <Baseline points="1134,3500 1224,3488 1314,3470 1403,3464 1493,3452 1582,3446 1672,3434 1762,3428 1851,3416 1941,3410 2030,3398 2120,3392 2210,3375 2299,3375 2389,3363 2478,3357 2568,3345 2658,3339 2747,3333"/>
                <TextEquiv>
                    <Unicode>sehe schön, da wollte ich bestimmt nach</Unicode>
                </TextEquiv>
            </TextLine>
        </TextRegion>
        <TextRegion id="tr_1" custom="readingOrder {index:1;}">
            <Coords points="2897,2512 4892,2512 4892,3498 2897,3498"/>
            <TextLine id="tr_1_tl_1" custom="readingOrder {index:0;}">
                <Coords points="2930,2789 3277,2707 3435,2751 3602,2654 3930,2648 4015,2599 4301,2576 4305,2530 3924,2502 3650,2597 2951,2605"/>
                <Baseline points="2950,2717 2962,2711 3052,2711 3142,2705 3231,2700 3321,2688 3410,2682 3500,2664 3590,2658 3679,2640 3769,2634 3858,2622 3948,2610 4038,2598 4127,2586 4217,2574 4306,2562"/>
                <TextEquiv>
                    <Unicode>Heute habe ich „das Kind“ von</Unicode>
                </TextEquiv>
            </TextLine>
            <TextLine id="tr_1_tl_2" custom="readingOrder {index:1;}">
                <Coords points="2907,2890 3250,2900 3477,2820 3602,2846 3682,2797 3781,2831 3920,2774 3981,2806 4385,2744 4398,2643 2917,2810"/>
                <Baseline points="2921,2879 2962,2873 3052,2861 3142,2855 3231,2849 3321,2837 3410,2825 3500,2813 3590,2801 3679,2783 3769,2777 3858,2765 3948,2753 4038,2735 4127,2729 4217,2717 4306,2711 4396,2688"/>
                <TextEquiv>
                    <Unicode>Beer. Hofmann zu Ende gelesen -</Unicode>
                </TextEquiv>
            </TextLine>
            <TextLine id="tr_1_tl_3" custom="readingOrder {index:2;}">
                <Coords points="4566,2734 4638,2738 4703,2795 4758,2763 4788,2772 4794,2643 4754,2635 4733,2643 4716,2633 4634,2656 4623,2645 4598,2664 4571,2658"/>
                <Baseline points="4581,2717 4617,2711 4707,2705 4796,2705"/>
                <TextEquiv>
                    <Unicode>D'Ouvres.</Unicode>
                </TextEquiv>
            </TextLine>
            <TextLine id="tr_1_tl_4" custom="readingOrder {index:3;}">
                <Coords points="2886,3035 3138,3065 3718,2955 3892,2987 4240,2873 4469,2911 4484,2791 4278,2776 4069,2854 3972,2818 3682,2886 3581,2839 3298,2942 2896,2951"/>
                <Baseline points="2897,3034 2956,3028 3046,3016 3136,3010 3225,3004 3315,2992 3404,2980 3494,2968 3584,2950 3673,2938 3763,2927 3852,2915 3942,2909 4032,2897 4121,2885 4211,2873 4300,2861 4390,2855 4480,2849"/>
                <TextEquiv>
                    <Unicode>das ist wirklich ganz famos. Auch</Unicode>
                </TextEquiv>
            </TextLine>
            <TextLine id="tr_1_tl_5" custom="readingOrder {index:4;}">
                <Coords points="4581,2980 4617,2997 4670,2989 4697,3012 4733,2985 4769,2987 4800,2974 4832,2980 4855,3001 4874,2997 4880,2879 4849,2860 4726,2846 4707,2860 4689,2854 4636,2894 4587,2879"/>
                <Baseline points="4593,2980 4611,2980 4701,2974 4790,2974 4880,2962"/>
                <TextEquiv>
                    <Unicode>ou vous avez</Unicode>
                </TextEquiv>
            </TextLine>
            <TextLine id="tr_1_tl_6" custom="readingOrder {index:5;}">
                <Coords points="2898,3206 3475,3170 3974,3037 4234,3052 4484,2993 4495,2917 4286,2898 3678,3050 2915,3092"/>
                <Baseline points="2915,3177 2968,3177 3058,3171 3148,3159 3237,3148 3327,3136 3416,3124 3506,3106 3596,3094 3685,3076 3775,3064 3864,3052 3954,3040 4044,3028 4133,3016 4223,3004 4312,2992 4402,2980 4492,2974"/>
                <TextEquiv>
                    <Unicode>von oielen Skizzen Altenbergs hatte</Unicode>
                </TextEquiv>
            </TextLine>
            <TextLine id="tr_1_tl_7" custom="readingOrder {index:6;}">
                <Coords points="2900,3319 2963,3355 3183,3275 3680,3267 4023,3159 4480,3183 4507,2993 3789,3147 2909,3254"/>
                <Baseline points="2915,3297 2974,3297 3064,3291 3153,3279 3243,3267 3333,3261 3422,3237 3512,3225 3602,3219 3691,3201 3781,3189 3870,3177 3960,3159 4050,3153 4139,3148 4229,3130 4318,3124 4408,3106 4498,3094"/>
                <TextEquiv>
                    <Unicode>ich einen großen Eindruck. Was</Unicode>
                </TextEquiv>
            </TextLine>
            <TextLine id="tr_1_tl_8" custom="readingOrder {index:7;}">
                <Coords points="4564,3140 4596,3128 4644,3149 4716,3130 4756,3147 4785,3128 4830,3124 4857,3143 4884,3138 4891,2999 4828,2987 4802,3004 4758,2997 4745,3006 4722,2991 4697,3012 4571,2978"/>
                <Baseline points="4575,3112 4623,3112 4713,3106 4802,3100 4892,3100"/>
                <TextEquiv>
                    <Unicode>ixxx</Unicode>
                </TextEquiv>
            </TextLine>
            <TextLine id="tr_1_tl_9" custom="readingOrder {index:8;}">
                <Coords points="2955,3427 4421,3256 4429,3189 4303,3161 4196,3216 3991,3202 3612,3294 3298,3324 3214,3290 2966,3343"/>
                <Baseline points="2968,3416 2992,3410 3082,3404 3171,3380 3261,3375 3351,3369 3440,3351 3530,3345 3619,3333 3709,3321 3799,3309 3888,3291 3978,3279 4067,3267 4157,3261 4247,3249 4336,3237 4426,3231"/>
                <TextEquiv>
                    <Unicode>lebt u. wirkt jetzt in Wien - Sie,</Unicode>
                </TextEquiv>
            </TextLine>
            <TextLine id="tr_1_tl_10" custom="readingOrder {index:9;}">
                <Coords points="4318,3353 4364,3338 4379,3355 4455,3313 4522,3317 4539,3168 4514,3161 4392,3258 4328,3252"/>
                <Baseline points="4329,3351 4348,3327 4438,3315 4527,3315"/>
                <TextEquiv>
                    <Unicode>Alten</Unicode>
                </TextEquiv>
            </TextLine>
            <TextLine id="tr_1_tl_11" custom="readingOrder {index:10;}">
                <Coords points="2974,3488 4246,3364 4320,3389 4328,3307 3956,3307 3406,3416 2980,3427"/>
                <Baseline points="2986,3488 3070,3482 3159,3464 3249,3458 3339,3452 3428,3446 3518,3434 3607,3428 3697,3416 3787,3404 3876,3392 3966,3386 4055,3369 4145,3363 4235,3357 4329,3351"/>
                <TextEquiv>
                    <Unicode>Hofmamisthal, Beer-Hofmann,</Unicode>
                </TextEquiv>
            </TextLine>
            <TextLine id="tr_1_tl_12" custom="readingOrder {index:11;}">
                <Coords points="4330,3448 4364,3446 4396,3469 4436,3446 4461,3412 4488,3397 4505,3408 4545,3408 4537,3341 4495,3332 4467,3313 4402,3336 4383,3353 4360,3336 4345,3343 4324,3326 4314,3328"/>
                <Baseline points="4329,3351 4408,3375 4498,3380 4545,3380"/>
                <TextEquiv>
                    <Unicode>bus:</Unicode>
                </TextEquiv>
            </TextLine>
        </TextRegion>
    </Page>
</PcGts>
