6295 4393
1972 767 2810 945 Dachan in Bayern.
2204 934 2707 1079 11.10.1911.
1390 1191 2068 1385 Lieber Freund!
1131 1316 3026 1527 Von Elly, den in Berlin ist, hörte ich jetzt erst von
1032 1478 3070 1707 dem, was Sie betroffen hat. Lassen Sie mich Ihnen
1054 1625 3067 1808 in alter Freundschaft nahe sein. Ich bewahre Ihrer
1041 1753 3037 1969 verehrten Mutter, deren Güte ich so oft erfahren,
1060 1939 1942 2087 ein treues Andenken.
2152 2021 2655 2190 Von Herzen
2182 2155 3075 2349 Ihr Georg Hirschfeld.
3728 582 4203 787 sérieur.
4545 814 4979 953 17.4.1912.
4070 888 5424 1155 München, Gröllparzer: Str. 47/0.
3977 1194 4654 1385 Lieber Freund!
3769 1409 5635 1614 Wolleicht ist es von Freundesseite schon zu Ihnen
3586 1530 5697 1756 gekommen — aber ich möchte Ihnen und Frau Olga gern
3578 1633 5670 1814 mit ergenen Worten sagen, welche Lebensentscheidung
3589 1721 5635 1972 Die letzten Jahre für Elly und mich gebracht haben.
3581 1871 5676 2098 Ich kenne Ihren Anteil an uns – wenn wir uns auch
3581 2032 5107 2226 selten sehen, wir sind uns doch nahe.
3816 2133 5700 2338 Elly und ich sind in Freundschaft geschrieben, um
3548 2267 5665 2439 als Freunde weiterleben zu können. Elly wird bald
3567 2395 5665 2562 die Frau des Monnes werden, der zu ihr gehört - Ich
3540 2518 5695 2693 bin schon mit der Frau verheiratet, die mir in der
3572 2622 5730 2802 Wildnis dieses Lebens noch begegnet ist. Elly bleibt
3559 2750 5755 2931 mit meiner Mutter in Donhau. Ich wohne mit meiner
3567 2901 4386 3103 Februar in München.
3840 2983 5676 3185 dies wollte ich Ihnen Beiden gern sagen. Ich
3581 3100 5689 3332 hoffe auf eine bessere und stärkere Zeit für Leben
4777 3228 5386 3379 Ihr getreuer
3605 3237 4621 3444 und Arbeit und bleibe
4897 3318 5602 3526 Georg Hirschfeld.
