4986 4505
668 814 2457 1062 nach Wien kommen – der Grund, daß
718 991 2490 1203 ich schon ein paar Tage früher reise, ist,
685 1125 2504 1377 daß einer meiner besten Freunde aus
671 1318 2535 1551 München, den ich lange nicht gesehen, mor¬
704 1473 2535 1728 heute schrieb, daß er kurze Zeit in Wien
704 1638 2537 1883 sein würde, und prade in der nächsten Woche.
697 1827 2526 2069 Sobald ich da bin, melde ich mich, lieber
706 1989 2580 2222 Herr Doctor - grüßten Sie bitte Hofmanns¬
711 2130 2497 2415 thal, Dr. Beer - Hofmann und heere
706 2335 2438 2575 Salten herzlich von mir, und seien
435 2410 633 2573 0.10.32
708 2497 2568 2752 Sie selber vielmals geprüßt von Threm
1257 2669 2523 2919 getreuen Georg Hirschfeld.
751 2970 2601 3192 An Ihre verehrte Frau Mutter bitte meine
756 3163 1537 3371 beste Empfehlung
953 3347 2490 3557 Bis Dienstag trifft mich hier noch
1353 3533 1765 3705 Nachricht.
101 3867 330 4145 H.F.P.
4258 405 4446 595 a
4578 563 4748 713 0
3182 607 4390 859 S.O. Köpnicker: Str. 116.
4491 692 4766 836 Loynts 13
2730 718 3107 946 G H
3507 864 4197 1059 Berlin, 3. 3. 97.
4522 1026 4820 1184 G.C.H.F.P.
2926 1224 3940 1476 Lieber Herr Doctor!
2836 1556 4296 1732 Mitte der nächsten Woche werde ich
2667 1725 4371 1954 nach dem schönen Wien kommen, um
2669 1899 4432 2137 dann vielleicht auf längere Zeit dort zu
2672 2095 4486 2328 bleiben und zu arbeiten. Ich freue mich
2679 2281 4409 2495 sehr darauf, einen Wiener Frühling zu
2667 2429 4472 2664 erleben. „Agnes fordau ist fertig, und
2667 2639 4434 2869 Brahm hat es angenommen, es wird
2681 2773 4580 3055 aber erst Anfang Oktober auf die Bühne
4620 2747 4813 2992 G.F.P.
2693 3001 4569 3220 kommen, da Frau Lorma, die hoffentlich
4630 3027 4832 3178 Stapf.
2712 3185 4467 3476 die Agnes spielen wird, jetzt bald nach
