5047 4264
583 904 2398 1050 und in manchen harten Tagen hätte ich mir
609 1029 2400 1175 merne Wiener Freunde gewünscht, Sie, Hof¬
597 1156 2421 1350 mannsthal, Salten, Beer. Hofmann. Aber der
628 1254 2390 1479 Winter ist jetzt bald vorüber, und ich bin in
635 1403 2532 1587 eine große Arbeit hineingekommen, die größte,
635 1566 2505 1786 die ich bisher geplant – möchte sie nur auch die
635 1705 2414 1894 beste werden. Jedenfalls will ich, daß sie der
655 1829 2405 2074 Übergang zu einer zweiten Periode wird,
626 1973 2534 2177 die mir vorschwebt, und die ich nicht mit einem
655 2117 2436 2273 Schritt betreten, sondern langsam, mit allen
690 2225 2513 2467 Kräften mir erobern will. Die Arbeit, die
686 2395 2522 2594 mich jetzt beschäftigt, ist der Roman, von dem
712 2565 2448 2752 ich Ihnen wohl schon erzählte - er wird viel
698 2707 2472 2901 Zeit in Anspruch nehmen, als Zwischenstück
710 2829 2515 3026 möchte ich im Sommer ein Lußspiel schreiben,
712 3009 1554 3196 dessen Plan ich habe. -
1211 3124 2445 3321 Von „Agnes“ fordan“ habe ich hier
2664 511 2949 722 JosPowe
3599 561 3790 681 ₤ p.p.
3910 820 4232 966 2.3.98.
2795 892 3110 1093 G H
3608 949 4579 1160 Berlin W. Passauerstr. 8.
3181 1333 3812 1503 Lieber Freund,
2841 1527 4649 1724 mit der Uebersendung von „Freiwild“ haben
2793 1702 4718 1848 Sie mir eine große Freude bereitet, vielen Dank¬
2815 1836 4704 2019 ich freue mich jetzt darauf, nachdem der Bühnen¬
2793 1973 4649 2167 eindruck so lange zurückliegt, das Werk von
2815 2088 4644 2306 Neuem zu lesen. Nahmen Sie bitte noch nach¬
2817 2256 4630 2467 träglich die herzlichsten Glückwünsche zu dem
2807 2400 3838 2589 schönen Wiener Erfolge.
3179 2522 4584 2709 Ich bin schön so begierig Ihr neues
2865 2647 4761 2848 Schauspiel kennen zu lernen - im nächsten Herbst
2863 2757 4692 2973 nicht wahr? In Wien und in Berlin zugleich?
2863 2908 4294 3174 Hoffentlich haben wir Sie bei uns.
3280 3050 4632 3270 Wir haben uns jetzt lange nicht
4359 3174 4687 3325 gesehen,
