4123 4231
1289 218 1514 450 P.M.
2076 581 3977 784 in Berlin die Uraufführung eines neuen
152 659 1875 860 Cörnnerungszeichen sondern – aber erst
2112 737 3977 917 Werkes bevor? Sie ließen mich in schönen
102 749 1770 1007 am ich ihn zweimal von der Post
2102 870 3989 1069 Wdener Tagen soviel Anteil an der Entste¬
100 955 1830 1152 rück, da Drucksachen nach Oesterreich
2088 1012 3977 1211 Ihrer Achtungen nehmen, daß ich nun aus
107 1119 1887 1327 gesandt werdenKosten, und dann
2088 1154 3982 1358 die neue mit den wärmsten Wünschen
95 1237 1827 1455 plor og den Mut, im Chars der Zeit¬
2081 1318 2398 1493 pleite.
85 1394 1901 1586 hältnisse es nochmals zu versuchen. Nun
2368 1422 3986 1616 Hoffentlich geht es Ihrer Gattin, Ihren
2114 1567 3998 1718 Kindern gut. Ihr Sohn ist nun schon ein M
88 1550 1770 1778 ter geht das Buch wieder an Sie ab.
2116 1721 3977 1875 Ich hörte, daß er Musiker geworden. Das,
92 1714 1808 1913 Id das Datum seiner Widmung wird
2105 1839 3986 1998 mich sehr berührt, denn besterreichs Müh¬
90 1865 1050 2086 nen verständlich sein.
325 1948 1863 2206 Ich bitte Sie, es mit dem Interesse
100 2188 1856 2363 Einnehmen, das mir immer so wert
88 2287 1896 2488 wesen ist. Wenn man sich auch in deser
92 2429 1801 2652 len Zeit lange, lange Fraublerben
83 2593 1882 2782 daß - die Gedanken verbinden sich immer
97 2756 1837 2955 oder, und gemeinsames Coleben ist ein
88 2889 1903 3088 und, das nicht zerrissen werden kann. Das
109 3057 889 3209 meine Zuversetzt.
341 3181 1851 3375 Ich hoffe, daß es Ihnen in Leben
102 3301 1887 3493 und Haffen relativ recht gut geht. Wie
100 3455 1858 3612 kürzlich in der Zeitung las, stest ja
2090 1958 3436 2154 lebt ja in Ihrer Dichtung.
2394 2076 3979 2280 Uns geht es jetzt recht gut. Nach der
2145 2209 3986 2408 Vergauberung, die d.h. 2 1/2 Jahre als Solda¬
2116 2379 3977 2574 durchmachen mußte, kann ich nun über¬
2102 2510 3974 2735 alle wilden Willen der "Revolution" he
2105 2666 3958 2846 weg wieder meinen Arbeiten leben.
2128 2789 3986 2996 Wir haben seit dem Frühjahr ein hübschen
2140 2993 3989 3178 kleines Haus in Großhadern, südwestlich
2124 3107 3993 3290 von München, da der Nähe des Forstenöders
2140 3235 3977 3455 stärks - meine Frau fählt sich besonder
2126 3418 3986 3593 in der Gartenarbeit wohl, und uns ber¬
