6295 4329
1364 1248 3203 1492 hat. Ich bin im Allgemeinen kein. Hoffer
1356 1469 3221 1633 denn ich erlebte zuwiel, was mir die großen,
1351 1603 3241 1794 gestaltlosen Hoffnungen abgewöhnen müßte,
1346 1764 3251 1930 aber soviel glaube ich doch ihnen, dem Freun¬
1324 1938 3259 2104 de und von mir besonders geliebten Dichter,
1329 2076 3233 2262 sagen zu dürfen, daß für mein Arbeiten,
1336 2217 3203 2438 Hand in Hand mit meinem Leben, eine
546 2242 823 2443 G.C.F.P
1306 2373 3243 2599 bessere Zeit hereinbricht, als es die Berliner
1321 2539 3223 2745 Jahre waren. Berlin ist der große, laute,
1311 2697 3259 2846 bunte, anregende Markt der Künste – mit
1298 2806 3238 3002 keinem oder doch sehr undurchsächtigem Cha¬
1311 2969 3251 3155 racter: das sehe ich jetzt als geborener Bei-
1286 3110 3231 3321 liner immer mehr. Kein Leben in der
584 3840 888 3991 orais bien
3908 586 4615 730 toutes n'a pas dans
3407 591 3734 760 Chapone
3374 1223 5357 1391 Natur, nur Sehnsucht danach ist dort möglich.
3389 1341 5400 1535 Die Menschen leben dort miteinander, eng und
3374 1495 5402 1663 nahe, aber sie kennen sich nicht. Und die Flüse
3382 1623 5400 1789 in die Einsamkeit hat dort etwas Dürres und
3394 1794 5400 1948 Feindliches, keine Fruchtbarkeit, keiner betrach¬
3392 1890 5397 2091 tende Güte. Auch in Wien mögen Sie Ähnliches
3389 2056 5342 2257 empfunden haben, da Sie nun unsterhalb der
3407 2182 5402 2355 Stadt, den Blick in's Freie gerichtet, wohnen
3399 2363 5352 2491 So haben wir's in Dorchau. Ein halbe Bahn¬
3410 2479 5334 2672 funde von München, leben wir in einem
3407 2602 5367 2813 Häuschen, das ein Architekt nach unseren
3412 2755 5400 2921 Wünschen gebaut, uns aber nur vermietet
3430 2871 5405 3090 hat. Wir haben einen hübschen Garten - die
3432 3047 5390 3226 bägerische Hochebene liegt vor uns, am Hori¬
3435 3145 5420 3349 zont von den Alpen begrengt. Dachau ist ein
5616 559 5777 722 33:8
5556 692 5785 813 G. P. A.
5548 798 5802 939 B.F.S.
5538 956 5808 1082 Ira:e ce
5566 1087 5792 1218 830:3
5636 2325 5790 2473 G.C.F.P.
5556 2476 5787 2607 sse.
5586 2624 5805 2740 & 28°9
5581 2748 5830 2866 344.64
5478 2836 5835 3012 da sog'ee.
5586 2992 5823 3153 320'2.
