3794 4394
128 192 3286 404 dem Verluste Brahms nicht wieder durch setzen. Trotzdem habe ich in der Jusi¬
120 364 3270 572 Ehenzeit Stücke geschrieben, die nach meinem Glauben des Kirchsetzens
112 452 3162 676 wert waren: Hohna, der Bruder, das hohe Ziel, Rösickes Geist. In
128 608 3342 855 diesem trüben Kriegen, das durch einen unfähigen oder untätigen Apen¬
128 756 3194 983 ten, mit dem ich verträglich behaftet bin, noch erschwert wurde,
128 907 3270 1135 blieb Wien meine Theater-Hoffnung. Mehr als Berlin, obwohl
128 1051 3290 1283 dort „We Mutter“ (mit der Dorsch) und „Agnes Jordan” (mit
128 1183 3226 1427 der Toresch) erfolgreiche und dauernde Wiederbelebung fanden.
168 1395 3234 1559 Berlin ist dann doch wieder an mir vorbeigefastet. In Wien
168 1447 3334 1719 glaubte ich vor allem an die stetigeren und vornehmeren Ver¬
164 1631 3358 1887 hältnisse des Burgtheaters. 24 Jahre wartete ich auf die Weder¬
160 1803 3334 2003 kehr von „Agnes Jordan“ die Aufnahme, die das Stuck nun er¬
140 1919 3302 2155 lebt, das Interesse des Publikums schienen Kofüllung meiner
160 2023 3362 2343 Hoffnung zu bedeuten. Die 2te (Sonntags) Aufführung war aus¬
152 2203 3270 2466 verkauft, die dritte (Mittwoch) gut besucht. Direktor Hertnerh
172 2323 3362 2634 sagte mir, als ich mich von ihm verabschiedete, daß er sehr zufrieden
180 2494 3174 2782 sei und Gutes erwarte. Sie, lieber Arthur, sprachen mir
180 2650 3362 2886 am Telephon ja auch noch Ihre Freude aus, weil die gehört hätten
196 2738 3370 3030 der Besuch von „Agnes Jordan“ sei ausgezeichnet. Dann wurde
196 2910 3270 3210 Das Strück zum 4. und 5. Male am Samstag und wieder
212 3086 3198 3346 Mittwoch gegeben. Als ich aber mit begreiflicher Handung
220 3282 3366 3518 gestern den neuen Wochenspielplom ansah, fand ich zu meiner
224 3410 3282 3678 sehr schmerzlichen Enttäussung, daß „Agnes Jordan“ in ihm
220 3606 1583 3834 nicht mehr angesetzt war.
788 3706 3342 3898 H überlege nun hin und her, wie die Dinge liegen
236 3818 3374 4081 mögen. Kellerst hat am Samstag und Mittwoch der Besuch
248 3990 3346 4265 nachgelassen, und ich weiß ja, wie hart und absolut. man
