4072 4458
683 598 1300 790 Georg Hirschfeld
2754 621 3242 905 13.12.25.
660 760 1316 971 München-Großhadern
1412 890 2474 1254 Mein lieber Arthur!
1074 1182 3491 1462 Herzlichen Dank noch für a Ne Frau des Richters; der
618 1385 3418 1600 wir einen genußversten Abend dankten, als ich Ihr schönes
598 1531 2348 1730 neues Werk, meiner Frau vorlas.
1066 1699 3637 1884 Mit diesem Hauß möchte ich den Hauwers auf einen
633 1853 3706 2087 Vortrag meines besten Münchener Freundes Prof. Fritz Strich,
633 2060 3575 2194 des Literarxxstorckers der hiesigen Universität, verbinden.
637 2202 3545 2340 Strich wird am 16. Dezember in der Wiener Universität
629 2309 3660 2551 (zum ersten Mal) sprechen. So gehört zu den fernsten Kunst¬
591 2494 3575 2705 empfintern und Deutern, zu den fernsten Menschen auch,
602 2662 3533 2896 denen ich begegnet bin. So hat mir sehr zugereckt, nach
598 2862 3560 3023 Wien mitzukommen, aber ich kann von meiner Arbeit
606 2954 3491 3215 nicht fort. (Ich schreibe ein Buch über Lord Byron für die
598 3176 3483 3334 Sammlung "Menschen, Volker, Seiten" des Verlages Karl
579 3315 3656 3522 König in Wien.) Es würde mich sehr freuen, wenn Forz Strich
602 3472 3610 3675 auch Ihre persönliche Bekanntschaft machen könnte, und
637 3652 3591 3875 Ich habe ihm für diesen Fall meine herzlichsten Hauße an
602 3813 3460 4040 Sie aufgetragen. Die Einladung zu dem Vortrage wird
621 4005 1347 4251 ihnen zugehen.
