5065 4232
4288 114 4528 270 V.J.
2389 550 2593 711 C
2815 719 4720 923 Es ist durch eine Anregung von Uhde’s Gemälde
2611 890 2782 1203 H. Schaef N.Y.
1531 880 2212 1029 Berlin, 18.11.96.
2830 916 4634 1072 "Nach kurzer Rast" entstanden und mir
2815 1107 4712 1246 lieb. Ich hätte es sonst mal deren Pan ein¬
2820 1231 4790 1390 gereicht. Nun wollte ich Sie bitten, lieber Herr
961 1206 1826 1395 Lieber Herr Doctor,
2810 1387 4768 1551 Doctor, wenn es angeht, nur wenn er Sie nicht
714 1450 2255 1602 ich möchte Sie um einen Rat bitten
2800 1572 4742 1733 stören, das Ding zu lesen und Ihre Meinung
618 1652 2306 1786 und hoffe, daß es Sie nicht stören wird.
2797 1720 4765 1889 zu sagen, ob ich es dem Extrablatt geben kann.
618 1831 2512 1995 Als ich in Wien war, versprach ich dem Redac¬
2790 1859 4800 2051 Es würde ja wohl in litterarischer Begleitung erscheinen
610 1985 2578 2147 teur des Extrablatts für die Weihnachtsnummer
2787 2063 4775 2265 (bei der vorigen Weihnachtsnummer haben Halbe,
610 2174 2462 2316 einen kleinen Beitrag zu liefern und wurde
2780 2235 4803 2369 Fulda u. A. mitgewirkt), und in die Weihnachts¬
623 2326 2565 2507 neulich an dieses Versprechen erinnert. Ich nun
2785 2404 4800 2563 zeit paßt die Stimmung des Gedichtes eigentlich
595 2525 2588 2686 bin nun so sehr in meiner dramatischen Arbeit
2790 2563 4727 2760 auch. Vielleicht sucht man aber eine Tendenz
600 2732 2593 2866 und habe mich außerdem verpflichtet der Cosmpolis,
2790 2732 4715 2896 darin u. viskiert es deshalb nicht, die Verse zu
588 2891 2583 3030 bald einmal eine Novelle zu liefern - ich möchte
2785 2906 4722 3093 drucken? - Jedenfalls würde ich mich freuen,
583 3085 2548 3214 mich am lübsten drücken, wie der Berliner sagt,
2785 3085 4805 3262 Die Verpflichtung dem Extrablatt gegenüber somit
3834 3199 4682 3312 Vielen Dank voraus
583 3219 2548 3383 etwas Neues für das Extrablatt zu arbeiten
2765 3224 3526 3405 bald los zu sein.
3035 3292 4520 3463 In Eile! - und treue Grüße, Ihres
4119 3357 4788 3526 S. Hirschfeld.
595 3385 2586 3537 und habe deshalb aus alten Manuscripten etwas
2959 3463 3592 3592 G.C.H.F.T.K.
605 3559 2608 3726 hervorgeholt und überarbeitet – beifolgendes Gedicht.
3037 3683 3340 3837 G.C.H.F.P.
4278 3748 4634 3978 G.C.F.P.
4392 3988 4571 4081 G.C.P.
