4072 4266
97 695 1841 906 angartner habe dort die Leitung einer
89 871 1772 1025 Ventlichen Kunstberlage übernommen
139 1002 1854 1186 fordere mich zur Mitarbeit (in deut¬
126 1168 1814 1346 Hräche) auf. Die Aufforderung ist sehr
82 1312 1817 1502 Endlich gehalten, und das Unternehmen
97 1473 1715 1594 ressiert mich, denn wenn man am
84 1611 1832 1780 viellen Bouckenbau der Völker dogend¬
79 1750 1812 1928 ein bißchen mithelfen könnte, wäre
84 1891 1797 2052 war sehr wertyall. Ich hätte also Lust
97 2049 1787 2245 gen. Dem steht aber in mir noch das
69 2193 1708 2393 ken gegenüber, das w Ihnen offen
79 2366 1782 2542 werden darf. Costens habe ich den mu¬
82 2492 1770 2713 chen Weingartner immer weit höher
79 2648 1794 2841 An literarischen geschätzt, und dann las
82 2792 1770 2985 wiederholt von einer scharfen Kortik
92 2948 1668 3151 palitischen Stellungnahme. Wohl
126 3114 1802 3299 ich der guten, Unternationalen Sache
99 3262 1638 3480 aber noch nicht programmatisch
82 3428 1760 3636 die brauchen lassen. Auch fürchte og
2005 772 3972 938 gegenwärtig eine eventuelle anlisemitische
2005 898 3057 1087 Ausnützung der Sache.
2482 1044 3985 1252 Wenn y nun von Ihnen, dessen
2025 1171 3925 1379 Ansicht und Stellungnahme mir zu oberst
2020 1332 3938 1530 stehen, erführe, daß Sie die Gründung für
2017 1507 3980 1668 etwas literarisch und politisch Verdienstliches
2022 1624 3990 1802 halten, daß Sie deshalb mein Bedenken nicht
2010 1782 3982 1960 teilen und vielleicht sogar selbst zur Mit¬
2017 1930 3970 2133 arbeit bereit sind - dann würde ich Wein¬
1990 2101 3980 2284 gartner gern zusagen und ihm bald etwa
1997 2223 2408 2376 Ehdeken.
2406 2354 3883 2554 Ich wäre Ihnen herzlich dankbar
1973 2512 3891 2690 wenn Sie mich, so bald es Ihnen möglich
1963 2663 3908 2859 Ihre Meinung in einigen Zeilen wissen
1955 2804 2344 2963 ließen.
2386 2970 3267 3193 Die besten Häuße
2859 3168 3665 3378 Ihres getreuen
2968 3401 3821 3670 Georg Hirschfeld.
