<?xml version="1.0" encoding="UTF-8" standalone="yes"?>
<PcGts xmlns="http://schema.primaresearch.org/PAGE/gts/pagecontent/2013-07-15" xmlns:xsi="http://www.w3.org/2001/XMLSchema-instance" xsi:schemaLocation="http://schema.primaresearch.org/PAGE/gts/pagecontent/2013-07-15 http://schema.primaresearch.org/PAGE/gts/pagecontent/2013-07-15/pagecontent.xsd">
    <Metadata>
        <Creator>prov=READ-COOP:name=TrHtr:version=2.1.0:model_id=51170:date=25_07_2023_05:13</Creator>
        <Created>2023-05-01T21:55:50.865+02:00</Created>
        <LastChange>2023-07-25T05:13:19.526+02:00</LastChange>
        <TranskribusMetadata docId="1416435" pageId="54946103" pageNr="25" tsid="130585668" status="IN_PROGRESS" userId="64420" imgUrl="https://files.transkribus.eu/Get?id=OSPTLVDSXVWDYAKOUUPACUTI&amp;fileType=view" xmlUrl="https://files.transkribus.eu/Get?id=BHSJSHQBMAVZPULRCQTUEIES" imageId="44450188"/>
    </Metadata>
    <Page imageFilename="1416435_0025.jpg" imageWidth="5049" imageHeight="4216">
        <ReadingOrder>
            <OrderedGroup id="ro_1711831654745" caption="Regions reading order">
                <RegionRefIndexed index="0" regionRef="tr_1"/>
            </OrderedGroup>
        </ReadingOrder>
        <TextRegion id="tr_1" custom="readingOrder {index:0;}">
            <Coords points="250,529 4819,529 4819,3999 250,3999"/>
            <TextLine id="tr_1_tl_1" custom="readingOrder {index:0;}">
                <Coords points="3665,591 3713,607 3833,584 3889,613 3977,586 4097,661 4258,679 4423,611 4426,473 4324,498 4263,482 4147,537 3667,561"/>
                <Baseline points="3678,591 3714,597 3803,591 3893,585 3983,585 4072,585 4162,585 4251,579 4341,585 4430,585"/>
                <TextEquiv>
                    <Unicode>Ce qui pouvait nouveau de l'avoir ai</Unicode>
                </TextEquiv>
            </TextLine>
            <TextLine id="tr_1_tl_2" custom="readingOrder {index:1;}">
                <Coords points="4650,779 4693,772 4713,754 4729,765 4761,756 4813,767 4813,507 4781,503 4767,514 4740,507 4695,530 4650,521"/>
                <Baseline points="4663,704 4753,704 4819,704"/>
                <TextEquiv>
                    <Unicode>0</Unicode>
                </TextEquiv>
            </TextLine>
            <TextLine id="tr_1_tl_3" custom="readingOrder {index:2;}">
                <Coords points="2841,915 2984,971 3561,917 3799,971 4097,906 4525,962 4503,765 4240,806 3973,752 3169,860 2846,786"/>
                <Baseline points="2854,901 2920,901 3009,907 3099,907 3188,907 3278,907 3368,907 3457,907 3547,901 3636,901 3726,895 3815,889 3905,883 3995,883 4084,883 4174,883 4263,877 4353,871 4442,865 4532,859"/>
                <TextEquiv>
                    <Unicode>Nächster Tage will ich ihn bitten, das</Unicode>
                </TextEquiv>
            </TextLine>
            <TextLine id="tr_1_tl_4" custom="readingOrder {index:3;}">
                <Coords points="842,1014 1150,1075 1456,978 1673,1055 1883,1012 2015,1059 2585,1046 2583,951 2418,912 2157,955 1741,865 1379,928 840,901"/>
                <Baseline points="853,967 943,967 1033,973 1122,979 1212,973 1301,973 1391,973 1480,979 1570,979 1660,985 1749,985 1839,997 1928,991 2018,997 2108,997 2197,997 2287,997 2376,991 2466,997 2555,997 2591,997"/>
                <TextEquiv>
                    <Unicode>Agnes fordan machten, schreiben, ist</Unicode>
                </TextEquiv>
            </TextLine>
            <TextLine id="tr_1_tl_5" custom="readingOrder {index:4;}">
                <Coords points="2866,1127 3178,1157 3878,1053 4192,1123 4292,1057 4489,1066 4491,973 4152,1005 3975,958 3776,1021 3538,980 3443,1028 2868,971"/>
                <Baseline points="2878,1062 2884,1062 2973,1062 3063,1062 3153,1068 3242,1062 3332,1056 3421,1062 3511,1056 3600,1056 3690,1056 3780,1056 3869,1051 3959,1051 4048,1045 4138,1045 4227,1045 4317,1045 4407,1039 4496,1033"/>
                <TextEquiv>
                    <Unicode>Manußrige, falls er es annehmen</Unicode>
                </TextEquiv>
            </TextLine>
            <TextLine id="tr_1_tl_6" custom="readingOrder {index:5;}">
                <Coords points="835,1150 1236,1150 1383,1207 1734,1148 2651,1179 2649,1096 2232,1046 833,1075"/>
                <Baseline points="847,1122 937,1122 1027,1128 1116,1134 1206,1134 1295,1140 1385,1134 1475,1140 1564,1134 1654,1134 1743,1134 1833,1134 1922,1140 2012,1140 2102,1140 2191,1140 2281,1140 2370,1140 2460,1140 2549,1140 2639,1152 2657,1152"/>
                <TextEquiv>
                    <Unicode>mir eine große Freude – es war damals</Unicode>
                </TextEquiv>
            </TextLine>
            <TextLine id="tr_1_tl_7" custom="readingOrder {index:6;}">
                <Coords points="2857,1284 3335,1293 3441,1236 3984,1268 4190,1200 4432,1211 4435,1130 4240,1114 4052,1170 3819,1127 3278,1191 2864,1127"/>
                <Baseline points="2872,1224 2914,1230 3003,1230 3093,1236 3182,1236 3272,1230 3362,1230 3451,1230 3541,1224 3630,1218 3720,1218 3809,1212 3899,1206 3989,1212 4078,1200 4168,1200 4257,1194 4347,1194 4436,1194"/>
                <TextEquiv>
                    <Unicode>sollte, abschreiben zu lassen und</Unicode>
                </TextEquiv>
            </TextLine>
            <TextLine id="tr_1_tl_8" custom="readingOrder {index:7;}">
                <Coords points="847,1385 1207,1331 1401,1367 1648,1295 2338,1299 2624,1367 2649,1241 844,1227"/>
                <Baseline points="859,1289 949,1289 1039,1295 1128,1295 1218,1295 1307,1295 1397,1295 1486,1289 1576,1289 1666,1289 1755,1289 1845,1289 1934,1289 2024,1295 2113,1289 2203,1295 2293,1295 2382,1295 2472,1301 2561,1301 2651,1313 2657,1313"/>
                <TextEquiv>
                    <Unicode>bei Beer Hofmann immer der erregend¬</Unicode>
                </TextEquiv>
            </TextLine>
            <TextLine id="tr_1_tl_9" custom="readingOrder {index:8;}">
                <Coords points="2893,1508 3242,1410 4249,1465 4426,1385 4512,1406 4516,1279 4306,1311 4195,1270 3896,1349 3681,1286 3085,1381 2898,1304"/>
                <Baseline points="2908,1403 2997,1409 3087,1409 3176,1409 3266,1409 3356,1409 3445,1409 3535,1403 3624,1397 3714,1391 3803,1391 3893,1391 3983,1391 4072,1385 4162,1379 4251,1379 4341,1379 4430,1373 4520,1367"/>
                <TextEquiv>
                    <Unicode>Ihnen, lieber Freund, ein Exemplar</Unicode>
                </TextEquiv>
            </TextLine>
            <TextLine id="tr_1_tl_10" custom="readingOrder {index:9;}">
                <Coords points="847,1519 1112,1487 1567,1548 1863,1494 2060,1551 2268,1478 2449,1551 2587,1535 2587,1410 2309,1370 2196,1435 2046,1385 1555,1422 1159,1347 847,1388"/>
                <Baseline points="859,1463 949,1463 1039,1463 1128,1469 1218,1469 1307,1469 1397,1463 1486,1463 1576,1457 1666,1457 1755,1463 1845,1463 1934,1463 2024,1463 2113,1469 2203,1463 2293,1469 2382,1469 2472,1469 2561,1463 2591,1463"/>
                <TextEquiv>
                    <Unicode>sten und auch schönsten Tage, die ich</Unicode>
                </TextEquiv>
            </TextLine>
            <TextLine id="tr_1_tl_11" custom="readingOrder {index:10;}">
                <Coords points="2864,1675 3117,1673 3348,1585 3450,1653 3767,1576 3941,1641 4238,1569 4392,1614 4552,1560 4557,1408 4317,1517 4206,1467 3937,1517 3640,1462 3058,1530 2868,1490"/>
                <Baseline points="2878,1582 2944,1588 3033,1588 3123,1588 3212,1588 3302,1582 3391,1576 3481,1576 3571,1570 3660,1564 3750,1564 3839,1564 3929,1564 4018,1558 4108,1558 4198,1558 4287,1546 4377,1546 4466,1546 4556,1546"/>
                <TextEquiv>
                    <Unicode>zu leihen. Ich freue mich ja auch so,</Unicode>
                </TextEquiv>
            </TextLine>
            <TextLine id="tr_1_tl_12" custom="readingOrder {index:11;}">
                <Coords points="840,1725 1048,1682 1166,1748 1610,1671 1782,1711 2307,1673 2429,1727 2520,1693 2520,1585 2017,1551 1834,1603 1754,1553 1535,1600 1293,1544 1173,1619 1039,1560 840,1589"/>
                <Baseline points="853,1636 943,1642 1033,1642 1122,1648 1212,1648 1301,1648 1391,1654 1480,1648 1570,1648 1660,1648 1749,1642 1839,1642 1928,1648 2018,1648 2108,1648 2197,1648 2287,1642 2376,1648 2466,1642 2526,1642"/>
                <TextEquiv>
                    <Unicode>bisher gehabt. Wie selten fühle ich,</Unicode>
                </TextEquiv>
            </TextLine>
            <TextLine id="tr_1_tl_13" custom="readingOrder {index:12;}">
                <Coords points="2866,1827 3208,1831 3350,1777 3445,1836 3801,1773 4170,1818 4371,1732 4546,1793 4589,1648 4140,1639 4000,1725 3780,1632 3556,1714 2870,1677"/>
                <Baseline points="2878,1767 2890,1767 2979,1773 3069,1773 3159,1773 3248,1773 3338,1773 3427,1767 3517,1761 3606,1761 3696,1755 3786,1755 3875,1755 3965,1749 4054,1737 4144,1737 4233,1737 4323,1731 4413,1731 4502,1731 4592,1731"/>
                <TextEquiv>
                    <Unicode>Ihre Meinung zu hören. Es ist immer</Unicode>
                </TextEquiv>
            </TextLine>
            <TextLine id="tr_1_tl_14" custom="readingOrder {index:13;}">
                <Coords points="835,1852 1025,1902 1238,1840 1616,1883 1895,1834 2062,1883 2207,1809 2486,1809 2488,1702 2243,1768 2076,1709 1788,1714 1571,1788 1107,1711 976,1770 835,1754"/>
                <Baseline points="847,1815 877,1815 967,1815 1056,1815 1146,1821 1236,1815 1325,1815 1415,1815 1504,1815 1594,1809 1684,1809 1773,1809 1863,1803 1952,1803 2042,1803 2131,1797 2221,1797 2311,1791 2400,1791 2490,1797"/>
                <TextEquiv>
                    <Unicode>daß es aus mir herauswächst und</Unicode>
                </TextEquiv>
            </TextLine>
            <TextLine id="tr_1_tl_15" custom="readingOrder {index:14;}">
                <Coords points="2864,2015 3405,1954 3769,2012 4134,1969 4260,2028 4369,1967 4484,2001 4595,1949 4598,1892 4475,1829 2868,1879"/>
                <Baseline points="2878,1952 2902,1952 2991,1964 3081,1958 3170,1952 3260,1946 3350,1946 3439,1946 3529,1946 3618,1940 3708,1928 3797,1922 3887,1928 3977,1934 4066,1928 4156,1928 4245,1922 4335,1922 4425,1922 4514,1922 4604,1922"/>
                <TextEquiv>
                    <Unicode>schlimm, nur 1 Exemplar zu haben</Unicode>
                </TextEquiv>
            </TextLine>
            <TextLine id="tr_1_tl_16" custom="readingOrder {index:15;}">
                <Coords points="840,2042 1449,2042 1643,1983 1897,2037 2071,1972 2361,2015 2630,1974 2633,1879 2409,1863 2121,1938 1078,1872 842,1931"/>
                <Baseline points="853,1982 937,1988 1027,1982 1116,1982 1206,1976 1295,1976 1385,1976 1475,1970 1564,1970 1654,1964 1743,1964 1833,1964 1922,1964 2012,1964 2102,1964 2191,1958 2281,1958 2370,1958 2460,1958 2549,1958 2639,1958"/>
                <TextEquiv>
                    <Unicode>sich zeigen kann, was ich in mir glaube.</Unicode>
                </TextEquiv>
            </TextLine>
            <TextLine id="tr_1_tl_17" custom="readingOrder {index:16;}">
                <Coords points="833,2194 2368,2139 2592,2212 2642,2010 2083,2062 1788,2017 1480,2103 1001,2044 835,2087"/>
                <Baseline points="847,2143 853,2143 943,2143 1033,2137 1122,2143 1212,2137 1301,2137 1391,2137 1480,2137 1570,2131 1660,2125 1749,2125 1839,2119 1928,2125 2018,2119 2108,2119 2197,2113 2287,2113 2376,2108 2466,2108 2555,2108 2645,2113"/>
                <TextEquiv>
                    <Unicode>und was mir nur dann Freude</Unicode>
                </TextEquiv>
            </TextLine>
            <TextLine id="tr_1_tl_18" custom="readingOrder {index:17;}">
                <Coords points="267,2132 294,2132 312,2151 324,2148 340,2164 360,2155 380,2160 396,2148 419,2153 441,1965 410,1958 394,1969 371,1967 360,1954 346,1954 319,1967 317,1960 303,1965 290,1958"/>
                <Baseline points="280,2137 340,2131 429,2119"/>
                <TextEquiv>
                    <Unicode>G.F.P.</Unicode>
                </TextEquiv>
            </TextLine>
            <TextLine id="tr_1_tl_19" custom="readingOrder {index:18;}">
                <Coords points="2875,2252 3045,2257 3237,2171 3430,2218 3694,2130 4174,2128 4484,2205 4484,2069 4301,2019 3986,2008 3321,2098 2877,2049"/>
                <Baseline points="2890,2149 2967,2143 3057,2143 3147,2143 3236,2137 3326,2131 3415,2131 3505,2137 3594,2131 3684,2131 3774,2131 3863,2131 3953,2131 4042,2125 4132,2125 4221,2131 4311,2125 4401,2131 4490,2131"/>
                <TextEquiv>
                    <Unicode>(das ich mir selber in Wien abge¬</Unicode>
                </TextEquiv>
            </TextLine>
            <TextLine id="tr_1_tl_20" custom="readingOrder {index:19;}">
                <Coords points="249,2289 303,2268 371,2293 412,2266 482,2286 527,2266 555,2282 643,2264 666,2273 668,2144 559,2130 543,2144 523,2126 378,2160 251,2146"/>
                <Baseline points="262,2269 310,2263 400,2257 489,2257 579,2257 668,2257"/>
                <TextEquiv>
                    <Unicode>mancripe,</Unicode>
                </TextEquiv>
            </TextLine>
            <TextLine id="tr_1_tl_21" custom="readingOrder {index:20;}">
                <Coords points="824,2352 935,2298 1336,2357 1551,2291 1723,2336 2628,2298 2628,2203 2336,2148 2071,2239 826,2225"/>
                <Baseline points="836,2293 842,2299 931,2299 1021,2293 1110,2299 1200,2293 1289,2293 1379,2293 1469,2281 1558,2281 1648,2275 1737,2275 1827,2269 1916,2263 2006,2263 2096,2263 2185,2257 2275,2257 2364,2263 2454,2269 2543,2281 2633,2287"/>
                <TextEquiv>
                    <Unicode>geben kann, wenn es andere und starken</Unicode>
                </TextEquiv>
            </TextLine>
            <TextLine id="tr_1_tl_22" custom="readingOrder {index:21;}">
                <Coords points="2859,2388 3004,2345 3301,2406 3737,2307 3991,2391 4539,2395 4539,2232 4385,2266 4061,2178 3783,2257 3615,2209 3271,2271 2859,2246"/>
                <Baseline points="2872,2305 2932,2317 3021,2322 3111,2317 3200,2317 3290,2311 3379,2311 3469,2305 3559,2305 3648,2305 3738,2305 3827,2305 3917,2305 4006,2305 4096,2305 4186,2305 4275,2305 4365,2305 4454,2299 4544,2299"/>
                <TextEquiv>
                    <Unicode>schrieben habe); das nächste Mal will</Unicode>
                </TextEquiv>
            </TextLine>
            <TextLine id="tr_1_tl_23" custom="readingOrder {index:22;}">
                <Coords points="238,2352 315,2338 335,2354 367,2341 478,2359 500,2343 516,2354 584,2343 620,2361 623,2280 598,2271 555,2282 527,2266 500,2286 432,2271 412,2289 371,2293 303,2268 240,2291"/>
                <Baseline points="250,2334 268,2334 358,2328 447,2328 537,2328 627,2317"/>
                <TextEquiv>
                    <Unicode>G.C.H.F.P.D.</Unicode>
                </TextEquiv>
            </TextLine>
            <TextLine id="tr_1_tl_24" custom="readingOrder {index:23;}">
                <Coords points="1437,2375 1458,2379 1476,2368 1492,2381 1526,2388 1569,2381 1591,2397 1646,2370 1677,2370 1675,2318 1653,2329 1628,2311 1616,2318 1603,2307 1573,2325 1544,2318 1537,2327 1501,2311 1476,2318 1458,2307 1435,2307"/>
                <Baseline points="1451,2370 1540,2364 1630,2370 1684,2370"/>
                <TextEquiv>
                    <Unicode>ewes</Unicode>
                </TextEquiv>
            </TextLine>
            <TextLine id="tr_1_tl_25" custom="readingOrder {index:24;}">
                <Coords points="2083,2454 2348,2413 2393,2443 2506,2431 2646,2461 2646,2388 2558,2366 2490,2318 2345,2332 2291,2307 2241,2334 2173,2329 2139,2354 2085,2329"/>
                <Baseline points="2096,2418 2113,2412 2203,2406 2293,2400 2382,2400 2472,2400 2561,2400 2651,2406"/>
                <TextEquiv>
                    <Unicode>(Schlemm zu sagen,</Unicode>
                </TextEquiv>
            </TextLine>
            <TextLine id="tr_1_tl_26" custom="readingOrder {index:25;}">
                <Coords points="829,2526 1007,2517 1084,2549 1179,2492 1286,2492 1365,2544 1546,2490 1779,2524 1782,2350 1718,2375 1689,2348 1594,2395 1410,2359 1259,2420 1132,2388 829,2409"/>
                <Baseline points="842,2460 889,2460 979,2460 1068,2460 1158,2460 1248,2454 1337,2460 1427,2454 1516,2454 1606,2454 1695,2448 1785,2442"/>
                <TextEquiv>
                    <Unicode>Menschen ist.</Unicode>
                </TextEquiv>
            </TextLine>
            <TextLine id="tr_1_tl_27" custom="readingOrder {index:26;}">
                <Coords points="2864,2592 3502,2560 3627,2488 4251,2544 4528,2479 4528,2388 4426,2361 4159,2418 3801,2375 3568,2436 2866,2418"/>
                <Baseline points="2878,2484 2920,2490 3009,2490 3099,2490 3188,2484 3278,2490 3368,2484 3457,2484 3547,2484 3636,2484 3726,2484 3815,2478 3905,2478 3995,2484 4084,2484 4174,2484 4263,2484 4353,2478 4442,2478 4532,2472"/>
                <TextEquiv>
                    <Unicode>ich es mir auch anders einrichten.</Unicode>
                </TextEquiv>
            </TextLine>
            <TextLine id="tr_1_tl_28" custom="readingOrder {index:27;}">
                <Coords points="2087,2515 2155,2517 2187,2497 2275,2515 2332,2474 2384,2515 2434,2495 2449,2510 2585,2499 2585,2447 2510,2431 2481,2447 2366,2447 2295,2415 2225,2445 2203,2429 2148,2454 2089,2449"/>
                <Baseline points="2102,2490 2143,2484 2233,2472 2322,2472 2412,2472 2502,2472 2591,2478"/>
                <TextEquiv>
                    <Unicode>aber bei mir.</Unicode>
                </TextEquiv>
            </TextLine>
            <TextLine id="tr_1_tl_29" custom="readingOrder {index:28;}">
                <Coords points="2155,2601 2286,2563 2395,2606 2526,2563 2610,2601 2612,2474 2578,2477 2542,2506 2499,2497 2463,2515 2434,2495 2384,2515 2332,2477 2261,2517 2207,2499 2178,2517 2157,2508"/>
                <Baseline points="2167,2549 2257,2543 2346,2543 2436,2549 2526,2543 2615,2537"/>
                <TextEquiv>
                    <Unicode>die Wahrheit.)</Unicode>
                </TextEquiv>
            </TextLine>
            <TextLine id="tr_1_tl_30" custom="readingOrder {index:29;}">
                <Coords points="1222,2719 1580,2694 1736,2728 1834,2680 1969,2719 2092,2662 2228,2707 2370,2669 2447,2710 2556,2673 2524,2563 2395,2608 2040,2542 1646,2608 1582,2565 1408,2585 1322,2524 1222,2558"/>
                <Baseline points="1236,2645 1307,2645 1397,2645 1486,2645 1576,2645 1666,2645 1755,2651 1845,2645 1934,2645 2024,2645 2113,2645 2203,2645 2293,2645 2382,2645 2472,2651 2561,2639"/>
                <TextEquiv>
                    <Unicode>Von Burckhard habe ich noch</Unicode>
                </TextEquiv>
            </TextLine>
            <TextLine id="tr_1_tl_31" custom="readingOrder {index:30;}">
                <Coords points="3187,2791 3368,2705 3663,2793 3898,2710 4514,2760 4512,2597 4346,2633 4165,2581 3810,2644 3660,2585 3310,2583 3185,2628"/>
                <Baseline points="3200,2705 3290,2705 3379,2705 3469,2705 3559,2711 3648,2711 3738,2705 3827,2705 3917,2705 4006,2711 4096,2711 4186,2711 4275,2711 4365,2711 4454,2717 4520,2717"/>
                <TextEquiv>
                    <Unicode>Schöne Tage waren in Wien,</Unicode>
                </TextEquiv>
            </TextLine>
            <TextLine id="tr_1_tl_32" custom="readingOrder {index:31;}">
                <Coords points="824,2836 1256,2884 1616,2807 1822,2864 1938,2805 2479,2879 2481,2737 2361,2716 2223,2764 2087,2719 1992,2753 1897,2689 1496,2771 826,2735"/>
                <Baseline points="836,2812 871,2812 961,2812 1051,2818 1140,2818 1230,2812 1319,2812 1409,2806 1498,2806 1588,2806 1678,2806 1767,2806 1857,2806 1946,2800 2036,2800 2125,2794 2215,2794 2305,2794 2394,2794 2484,2794"/>
                <TextEquiv>
                    <Unicode>dem Brief, der mir seinen ersten</Unicode>
                </TextEquiv>
            </TextLine>
            <TextLine id="tr_1_tl_33" custom="readingOrder {index:32;}">
                <Coords points="2818,2893 3382,2943 3808,2918 3873,2861 4306,2861 4441,2918 4503,2902 4503,2809 3855,2766 2818,2848"/>
                <Baseline points="2830,2872 2896,2872 2985,2872 3075,2872 3164,2878 3254,2872 3344,2872 3433,2872 3523,2872 3612,2872 3702,2866 3792,2866 3881,2860 3971,2866 4060,2866 4150,2866 4239,2860 4329,2860 4419,2860 4508,2860"/>
                <TextEquiv>
                    <Unicode>wenn ich auch die schöne alte Stadt,</Unicode>
                </TextEquiv>
            </TextLine>
            <TextLine id="tr_1_tl_34" custom="readingOrder {index:33;}">
                <Coords points="840,3052 1089,2988 1598,2981 1945,3052 2085,2975 2640,2997 2640,2927 2544,2893 2246,2938 2033,2889 1843,2941 1471,2891 840,2916"/>
                <Baseline points="853,2967 943,2973 1033,2979 1122,2979 1212,2979 1301,2979 1391,2979 1480,2979 1570,2979 1660,2973 1749,2973 1839,2973 1928,2973 2018,2973 2108,2967 2197,2961 2287,2961 2376,2967 2466,2967 2555,2973 2645,2967"/>
                <TextEquiv>
                    <Unicode>Eindruck mitteilte, noch keine Nachricht</Unicode>
                </TextEquiv>
            </TextLine>
            <TextLine id="tr_1_tl_35" custom="readingOrder {index:34;}">
                <Coords points="2855,3088 4045,3106 4337,3033 4521,3070 4503,2981 4181,2941 3722,3013 3364,2941 3212,2988 2855,2961"/>
                <Baseline points="2866,3051 2914,3045 3003,3051 3093,3057 3182,3057 3272,3051 3362,3051 3451,3051 3541,3051 3630,3051 3720,3051 3809,3051 3899,3045 3989,3045 4078,3039 4168,3039 4257,3033 4347,3033 4436,3033 4526,3027"/>
                <TextEquiv>
                    <Unicode>deren Bulturgegensatz zu Berlin</Unicode>
                </TextEquiv>
            </TextLine>
            <TextLine id="tr_1_tl_36" custom="readingOrder {index:35;}">
                <Coords points="858,3208 1229,3230 1442,3153 1655,3217 1892,3135 2477,3196 2490,3083 2325,3038 2119,3088 1401,3045 858,3092"/>
                <Baseline points="871,3147 883,3141 973,3147 1062,3147 1152,3147 1242,3141 1331,3141 1421,3141 1510,3135 1600,3135 1689,3129 1779,3129 1869,3129 1958,3129 2048,3129 2137,3123 2227,3129 2317,3129 2406,3123 2496,3123"/>
                <TextEquiv>
                    <Unicode>wieder gehabt. Er wollte das Stück</Unicode>
                </TextEquiv>
            </TextLine>
            <TextLine id="tr_1_tl_37" custom="readingOrder {index:36;}">
                <Coords points="2823,3251 3857,3301 4052,3237 4152,3285 4351,3215 4593,3219 4593,3126 4358,3110 4188,3176 4018,3119 3685,3174 3568,3131 3359,3178 2825,3158"/>
                <Baseline points="2836,3242 2896,3236 2985,3230 3075,3236 3164,3230 3254,3236 3344,3230 3433,3230 3523,3230 3612,3230 3702,3224 3792,3230 3881,3224 3971,3224 4060,3224 4150,3218 4239,3212 4329,3212 4419,3212 4508,3212 4598,3212"/>
                <TextEquiv>
                    <Unicode>mir geht wieder recht deutlich geworden,</Unicode>
                </TextEquiv>
            </TextLine>
            <TextLine id="tr_1_tl_38" custom="readingOrder {index:37;}">
                <Coords points="858,3319 1012,3382 1356,3307 1505,3384 1763,3301 2037,3364 2164,3319 2357,3353 2431,3298 2592,3323 2594,3219 1662,3210 1324,3273 1150,3201 858,3255"/>
                <Baseline points="871,3308 895,3302 985,3314 1074,3314 1164,3308 1254,3308 1343,3308 1433,3302 1522,3302 1612,3296 1701,3296 1791,3296 1881,3296 1970,3296 2060,3296 2149,3290 2239,3290 2328,3290 2418,3284 2508,3284 2597,3290"/>
                <TextEquiv>
                    <Unicode>noch ein oder zweimal lesen. Ich bin</Unicode>
                </TextEquiv>
            </TextLine>
            <TextLine id="tr_1_tl_39" custom="readingOrder {index:38;}">
                <Coords points="2827,3430 3029,3466 3135,3391 3794,3378 3966,3436 4231,3396 4455,3432 4457,3314 4340,3278 4138,3323 3957,3264 3753,3314 3525,3291 2984,3366 2830,3314"/>
                <Baseline points="2842,3397 2848,3397 2938,3391 3027,3391 3117,3385 3206,3385 3296,3385 3385,3379 3475,3379 3565,3379 3654,3379 3744,3373 3833,3373 3923,3373 4012,3373 4102,3373 4192,3373 4281,3373 4371,3379 4460,3368"/>
                <TextEquiv>
                    <Unicode>durch meine Arbeit nicht genug</Unicode>
                </TextEquiv>
            </TextLine>
            <TextLine id="tr_1_tl_40" custom="readingOrder {index:39;}">
                <Coords points="833,3541 1084,3473 1220,3534 1469,3486 1664,3554 1809,3457 2558,3525 2563,3328 2132,3335 1881,3418 1576,3341 1304,3432 838,3391"/>
                <Baseline points="847,3469 865,3475 955,3475 1045,3475 1134,3469 1224,3469 1313,3469 1403,3463 1492,3457 1582,3457 1672,3451 1761,3445 1851,3445 1940,3445 2030,3445 2119,3445 2209,3445 2299,3445 2388,3439 2478,3445 2567,3445"/>
                <TextEquiv>
                    <Unicode>sehr begrerig auf seine Entscheidung!</Unicode>
                </TextEquiv>
            </TextLine>
            <TextLine id="tr_1_tl_41" custom="readingOrder {index:40;}">
                <Coords points="2855,3586 3040,3550 3119,3611 3473,3543 3724,3636 3937,3552 4061,3633 4197,3568 4521,3613 4521,3409 4095,3486 3595,3421 3205,3497 2855,3484"/>
                <Baseline points="2866,3547 2955,3541 3045,3535 3135,3535 3224,3535 3314,3535 3403,3541 3493,3541 3583,3535 3672,3535 3762,3541 3851,3541 3941,3541 4030,3541 4120,3535 4210,3541 4299,3541 4389,3541 4478,3541 4526,3547"/>
                <TextEquiv>
                    <Unicode>genossen habe. Heweß liegt das Er¬</Unicode>
                </TextEquiv>
            </TextLine>
            <TextLine id="tr_1_tl_42" custom="readingOrder {index:41;}">
                <Coords points="1200,3993 1252,3991 1281,4014 1299,4000 1356,4002 1356,3925 1324,3914 1311,3919 1295,3916 1286,3925 1268,3919 1245,3941 1231,3934 1216,3948 1200,3948"/>
                <Baseline points="1212,3989 1301,3989 1361,3989"/>
                <TextEquiv>
                    <Unicode>G.C.F.P</Unicode>
                </TextEquiv>
            </TextLine>
        </TextRegion>
    </Page>
</PcGts>
