4981 4295
1744 524 2121 753 12.1.97
2730 812 4476 1026 Artikeln habe ich nur den ersten (über Bahr)
1369 802 2367 986 Berlin  s. ö. Köpnicker -
2091 909 2439 1128 Str. 116.
2725 1008 4568 1207 und den letzten (wohl über Dörmann) gelesen,
2754 1224 4553 1376 von den anderen hörte ich reden und von
666 1254 1550 1478 Lieber Herr Doctor!
2757 1378 4655 1547 dem Nachspiel mit Ohrfeigenbegleitung hörte
2782 1577 4612 1781 ich erst durch den Herrn, der mich neulich
613 1577 2183 1758 Zu meiner neulichen Karte noch ein
502 1758 2377 1922 paar Worte: Ich hatte schon bevor ich nach Wien
2764 1736 4664 1937 im Theater ansprach. Ich wäre mehr darauf
2745 1960 4585 2176 eingehöngen, wenn mir der Herr nicht so
499 1947 2315 2116 kam der Wiener Rundschau einen Beitrag
509 2148 2409 2347 zugesagt, dachte aber, wie sie ja wissen, mein
2799 2129 4679 2355 ganz fremd gewesen wäre und mich noch
509 2337 2293 2519 Gedicht "Traum" im Pan veröffentlichen zu
2782 2322 4679 2526 gerade aus der schönsten Wildenten-Stim¬
519 2509 2422 2710 können. Dem kan war es aber zu syn¬
2754 2496 4657 2745 mung herausgeholt hätte. Ich bedaure es,
507 2740 2340 2918 bolistisch", und da ich Blut geleckt und es
2777 2717 4645 2899 daß solche Angriffsartikel in der Zeitschrift
2759 2879 4687 3090 waren, die ein so ruhages Gedicht von mir
517 2933 2355 3127 gern gedruckt haben wollte, schickte ich das
529 3080 2432 3288 Dich der Wiener Kundschau, die mich, ohne
2754 3075 4689 3298 enthritt - vorläufig wurde ich so wie so nicht
2754 3276 4679 3470 fie der Lage sein, der Raufhau eine neue
494 3288 2486 3470 eine besondere Antwort zu geben, sogleich mit
2814 3428 4699 3639 Arbeit einzureichen. Es wäre mir wirklich
509 3465 2409 3664 der Übersendung des Heftes, die das Gedicht
2827 3574 4719 3810 lieb, von Ihnen noch über die Frage zu haben,
551 3596 2506 3822 schon enthielt, überraschte. Von den Kraussche
