3592 4648
870 1086 3126 1280 Eine Volkssängerin erkrankt an einem Augenleiden
648 1261 3160 1502 und erblindet. Ganz jundes Mädchen. Ihr erstes Wieder-
688 1424 3091 1586 auftreten. Sie singt ein Lied, das ihr der Hauspoet
648 1552 3035 1733 der Gesellschaft gedichtet hat, Refrain: Nur einmal
651 1721 3132 1899 noch möcht' ich den alten Steffel sehn...“ u.s.w. Das
666 1915 1927 2065 Publikum ungeheuer gerührt.
882 1996 3057 2187 Sie geht wieder mit ihrer frühern Gesellschaft
663 2190 3148 2422 nach der Produktion ins Kaffeehaus, entfernt sich auf
710 2365 2027 2606 kurze Zeit und erhängt sich.
