3608 4840
335 825 2590 1096 Er wird nicht zu lassen gern, nach
347 1090 2689 1302 soll a this. Er wird ich in überzeig
373 1279 1329 1501 Mitte er ihn?
460 1457 2590 1774 Novembrecht komm of the u d on Seit
411 1716 2357 2005 in Bln bericht. 7. wird lass
350 1946 2576 2270 die Meil so zal wieder Meil, die sich
353 2200 1731 2456 auch mich geben ließen
425 2375 2509 2675 Denn sie erfällt von sei weil ent¬
390 2704 982 2937 woll
417 2870 1946 3121 Sie bist mit  u
417 3080 2541 3351 & nenlicht & kreis nehmal.
414 3313 2471 3596 überzeugen.. 5 schmahl. Not.
347 3552 2576 3762 Cal. d. jetzte! Viel! viel. Vieh
350 3759 2491 4001 9. Klost de erst lial. soit of
472 3942 1471 4205 sehr möchte.
300 3986 457 4155 11
326 4103 2127 4423 Ihr kommt Zeit Hout. Mayor
