3608 4680
363 870 895 1173 Führung:
338 930 3184 1409 der jung sein herrnhofe geht hie ese; dort, um das Mörder
314 1240 1733 1585 auftrale stattfend soll.
331 1275 3040 1761 -Alte sait für ein... Wie sie krank möchte... nu sic
342 1455 3093 1994 in sineuos beit nassenigten Tochter in Buehorsam
370 1715 2836 2106 was... si weis  and had lof unumgekunde op.
402 1948 3061 2314 de treffe a et suis parler. Washolt mir meinte:
387 2205 2392 2490 Sie wird Gitzes - jehrs nur hinein. -
440 2318 3177 2702 der trekigung der Rückschäger auf. Die ist menschalen ist
391 2659 990 2857 Clern - et
465 2748 2286 3086 Endlich die Mille... .  ha & nimmt noch
511 2772 2755 3188 Nun der stadt der geschaut (be taf ihr verlobte).
1226 2864 1652 3047 Hauservatose
571 3149 3167 3512 die schlechhaft fodert. so kommt mit der meistloren.
490 3156 1557 3431 Ihr sieht in den Aalschaus.
578 3343 3160 3734 ihr Kolon).. Der ganze Koltehänger... die xx xx Geben
620 3537 2973 3868 Bei u fort lage ses t zilände. - Maß sie mich mit un¬
521 3804 3043 4192 Och von nachoffenen Poelen aus. (An Morgen, nachdem er jetzt
578 4044 2790 4340 Je aber is nie auch zwachen. Ich kann ein letzte, Herr er habe
