3640 4840
414 776 2650 1075 der Kleid nach. Schmerz. Aber d schöne
456 1051 942 1214 Bettier
510 1141 2807 1364 9. Deutte, daß der Kreide u ich verliebt in
456 1319 2635 1534 in seit er von der toch Red; aber die in
456 1549 2666 1832 die gebeiht in Knecht, die spät mir leiß
438 1847 888 2007 Recevoir
420 1914 1766 2180 at Blad klingest
414 2119 2841 2346 d. Brüssere in Leere. - Er glückt ein
438 2300 2533 2548 men die der uglückte be, wenn sie
344 2515 2472 2816 soit 10 je f heute. a M bylui t
359 2717 2515 3067 er selbst kein klagemacht
513 2925 2623 3224 Amat er 18, dort 10, sie
356 3140 2660 3514 hielt auf 1 Tiel mit Schartfiel
408 3384 2527 3695 Val lebthant. 9 hof & the
592 3610 2572 3900 An. l. bei für, dennst,
296 3825 2638 4121 so wesend komt, auf I K
368 4060 2641 4380 an contt. als werts aber u weh
362 4323 2294 4543 sich. ich je nicht ugleich.
