3512 4824
337 858 1023 1185 Sr Einzug is
337 1157 1916 1432 be trefel. Gut mich auch
391 1442 1638 1676 Zeug ist zugleich.
275 1655 1707 1875 of - gas. In a cary
261 1865 1140 2074 Carl Gemeldert
237 2047 1683 2283 selt er wenn es ist sich.
268 2283 2682 2496 laut geht. Es sehr sich zu ihn — schmerzte
869 2393 2805 2644 die jetzt ist seitlich. Caill acht ein
580 2469 3138 2754 laut sagt und doch & es wicht einige meinte
443 2716 2404 3005 Zu Krührend, die seyn. Unter¬
374 2915 2963 3265 Dr Mansnill Koun i.M. no d'ar
494 3217 1106 3458 Sonden.
415 3399 1593 3636 I hat for Mr
347 3465 3111 3853 Sie über Ruf, d wahin aufgetrochen. Diese
415 3708 2136 4062 25 m - nicht imit Re-
