<?xml version="1.0" encoding="UTF-8" standalone="yes"?>
<PcGts xmlns="http://schema.primaresearch.org/PAGE/gts/pagecontent/2013-07-15" xmlns:xsi="http://www.w3.org/2001/XMLSchema-instance" xsi:schemaLocation="http://schema.primaresearch.org/PAGE/gts/pagecontent/2013-07-15 http://schema.primaresearch.org/PAGE/gts/pagecontent/2013-07-15/pagecontent.xsd">
    <Metadata>
        <Creator>prov=READ-COOP:name=TrHtr:version=2.1.0:model_id=51170:date=14_08_2023_15:56</Creator>
        <Created>2023-05-10T14:26:16.396+02:00</Created>
        <LastChange>2023-08-14T15:56:39.762+02:00</LastChange>
        <TranskribusMetadata docId="1428624" pageId="55419850" pageNr="14" tsid="132812900" status="IN_PROGRESS" userId="64420" imgUrl="https://files.transkribus.eu/Get?id=XFNBGQSTPIIHPQFXOVTEKRBL&amp;fileType=view" xmlUrl="https://files.transkribus.eu/Get?id=OYZHZPLLADDFBNSZFZBSEWGP" imageId="44693953"/>
    </Metadata>
    <Page imageFilename="1428624_0014.jpg" imageWidth="3656" imageHeight="4840">
        <ReadingOrder>
            <OrderedGroup id="ro_1711820575194" caption="Regions reading order">
                <RegionRefIndexed index="0" regionRef="tr_1"/>
                <RegionRefIndexed index="1" regionRef="tr_2"/>
            </OrderedGroup>
        </ReadingOrder>
        <TextRegion id="tr_1" custom="readingOrder {index:0;}">
            <Coords points="370,894 2605,894 2605,2758 370,2758"/>
            <TextLine id="tr_1_tl_1" custom="readingOrder {index:0;}">
                <Coords points="353,996 425,1006 578,943 765,993 931,959 956,981 1012,953 1015,843 965,828 890,856 740,784 672,806 625,778 472,850 434,834 356,859"/>
                <Baseline points="370,962 394,956 484,956 573,950 663,944 752,950 842,950 932,944 1021,944"/>
                <TextEquiv>
                    <Unicode>at Breit.</Unicode>
                </TextEquiv>
            </TextLine>
            <TextLine id="tr_1_tl_2" custom="readingOrder {index:1;}">
                <Coords points="359,1181 440,1165 484,1181 653,1134 722,1156 856,1125 978,1146 978,1096 859,1075 815,1040 728,1106 600,1081 519,1096 431,1021 365,1050"/>
                <Baseline points="376,1159 448,1135 537,1135 627,1135 717,1135 806,1129 896,1123 985,1123"/>
                <TextEquiv>
                    <Unicode>F. W. M.</Unicode>
                </TextEquiv>
            </TextLine>
            <TextLine id="tr_1_tl_3" custom="readingOrder {index:2;}">
                <Coords points="387,1299 722,1337 1153,1290 1343,1303 1440,1365 1534,1315 1649,1353 1652,1159 1175,1231 984,1153 603,1256 387,1187"/>
                <Baseline points="406,1290 495,1296 585,1302 675,1296 764,1296 854,1296 944,1290 1033,1290 1123,1290 1212,1290 1302,1284 1392,1284 1481,1284 1571,1278 1661,1284"/>
                <TextEquiv>
                    <Unicode>We woll in a</Unicode>
                </TextEquiv>
            </TextLine>
            <TextLine id="tr_1_tl_4" custom="readingOrder {index:3;}">
                <Coords points="437,1490 469,1509 619,1509 668,1537 734,1546 759,1531 775,1546 850,1490 934,1471 937,1356 890,1349 828,1381 775,1371 725,1403 681,1378 650,1399 597,1362 547,1387 522,1374 469,1399 440,1390"/>
                <Baseline points="454,1469 489,1469 579,1469 669,1463 758,1463 848,1463 938,1457"/>
                <TextEquiv>
                    <Unicode>meunl</Unicode>
                </TextEquiv>
            </TextLine>
            <TextLine id="tr_1_tl_5" custom="readingOrder {index:4;}">
                <Coords points="462,1634 487,1637 503,1624 512,1631 544,1612 587,1649 625,1640 650,1652 690,1621 715,1624 715,1540 665,1537 650,1521 603,1512 584,1496 562,1509 553,1503 515,1534 462,1537"/>
                <Baseline points="478,1607 567,1607 657,1607 723,1607"/>
                <TextEquiv>
                    <Unicode>100</Unicode>
                </TextEquiv>
            </TextLine>
            <TextLine id="tr_1_tl_6" custom="readingOrder {index:5;}">
                <Coords points="472,1737 625,1787 1299,1718 1740,1756 1743,1637 1346,1543 950,1640 884,1609 609,1668 475,1624"/>
                <Baseline points="489,1732 495,1732 585,1738 675,1738 764,1732 854,1726 944,1726 1033,1720 1123,1720 1212,1714 1302,1708 1392,1702 1481,1702 1571,1702 1661,1702 1750,1696"/>
                <TextEquiv>
                    <Unicode>mit mee f 100 rf - lot</Unicode>
                </TextEquiv>
            </TextLine>
            <TextLine id="tr_1_tl_7" custom="readingOrder {index:6;}">
                <Coords points="406,1905 678,1980 1034,1905 1296,1993 1687,1927 2024,1987 2074,1977 2077,1756 1831,1827 1565,1752 1471,1821 706,1759 406,1831"/>
                <Baseline points="424,1906 466,1912 555,1918 645,1918 734,1918 824,1918 914,1912 1003,1906 1093,1900 1183,1894 1272,1894 1362,1888 1452,1888 1541,1888 1631,1894 1720,1894 1810,1894 1900,1900 1989,1894 2079,1894"/>
                <TextEquiv>
                    <Unicode>welche im nicht. Ich weiß</Unicode>
                </TextEquiv>
            </TextLine>
            <TextLine id="tr_1_tl_8" custom="readingOrder {index:7;}">
                <Coords points="372,2121 656,2143 706,2193 909,2180 968,2130 1409,2109 1415,1990 968,2009 859,1968 615,2005 547,1971 378,2030"/>
                <Baseline points="388,2121 430,2121 519,2121 609,2127 699,2121 788,2121 878,2115 968,2115 1057,2115 1147,2103 1236,2097 1326,2085 1416,2073"/>
                <TextEquiv>
                    <Unicode>Al ich schöne dt</Unicode>
                </TextEquiv>
            </TextLine>
            <TextLine id="tr_1_tl_9" custom="readingOrder {index:8;}">
                <Coords points="387,2340 1515,2340 1987,2246 2558,2305 2602,2068 1478,2221 394,2187"/>
                <Baseline points="406,2318 454,2318 543,2312 633,2312 723,2306 812,2306 902,2306 991,2300 1081,2300 1171,2288 1260,2276 1350,2276 1440,2264 1529,2252 1619,2252 1708,2246 1798,2240 1888,2240 1977,2240 2067,2234 2157,2222 2246,2234 2336,2234 2425,2240 2515,2234 2605,2240"/>
                <TextEquiv>
                    <Unicode>Von Bln schreib, jaar, leicht sich</Unicode>
                </TextEquiv>
            </TextLine>
            <TextLine id="tr_1_tl_10" custom="readingOrder {index:9;}">
                <Coords points="428,2590 1015,2511 1631,2546 1821,2455 1940,2462 1943,2402 1818,2333 1499,2402 1271,2327 934,2418 437,2396"/>
                <Baseline points="448,2539 513,2533 603,2527 693,2515 782,2515 872,2515 962,2509 1051,2503 1141,2497 1230,2497 1320,2491 1410,2479 1499,2479 1589,2473 1679,2467 1768,2461 1858,2449 1947,2449"/>
                <TextEquiv>
                    <Unicode>Ich für sie in Kerl 100 fr</Unicode>
                </TextEquiv>
            </TextLine>
            <TextLine id="tr_1_tl_11" custom="readingOrder {index:10;}">
                <Coords points="462,2758 737,2730 1062,2818 1271,2733 1518,2796 1912,2686 2193,2730 2240,2540 1849,2518 1712,2599 1584,2533 1321,2590 1200,2549 731,2652 469,2596"/>
                <Baseline points="478,2748 537,2736 627,2730 717,2718 806,2712 896,2712 985,2706 1075,2706 1165,2706 1254,2700 1344,2700 1434,2688 1523,2676 1613,2676 1702,2670 1792,2664 1882,2664 1971,2664 2061,2664 2151,2664 2240,2659"/>
                <TextEquiv>
                    <Unicode>der Teil Cachen!  Z. Erenlich</Unicode>
                </TextEquiv>
            </TextLine>
        </TextRegion>
        <TextRegion id="tr_2" custom="readingOrder {index:1;}">
            <Coords points="388,2865 2904,2865 2904,4401 388,4401"/>
            <TextLine id="tr_2_tl_1" custom="readingOrder {index:0;}">
                <Coords points="425,2980 478,2958 659,3030 940,2946 1190,3018 1403,2936 1562,2961 1618,2943 1624,2783 1440,2774 1365,2836 1146,2858 847,2830 775,2777 428,2861"/>
                <Baseline points="442,2969 460,2963 549,2957 639,2951 728,2945 818,2939 908,2939 997,2939 1087,2933 1177,2927 1266,2927 1356,2921 1446,2921 1535,2921 1625,2915"/>
                <TextEquiv>
                    <Unicode>wir hat er gegeben.</Unicode>
                </TextEquiv>
            </TextLine>
            <TextLine id="tr_2_tl_2" custom="readingOrder {index:1;}">
                <Coords points="425,3211 1184,3136 1774,3189 1930,3118 2518,3208 2861,3136 2777,3005 2493,2955 2315,3039 2184,2918 1328,2977 1096,3077 868,2989 428,3043"/>
                <Baseline points="442,3184 448,3184 537,3172 627,3160 717,3154 806,3148 896,3143 985,3143 1075,3137 1165,3137 1254,3137 1344,3131 1434,3125 1523,3125 1613,3119 1702,3119 1792,3107 1882,3101 1971,3101 2061,3095 2151,3095 2240,3101 2330,3107 2420,3113 2509,3119 2599,3125 2688,3131 2778,3131 2868,3137"/>
                <TextEquiv>
                    <Unicode>den Kleid ist nicht zu bewehigen;</Unicode>
                </TextEquiv>
            </TextLine>
            <TextLine id="tr_2_tl_3" custom="readingOrder {index:2;}">
                <Coords points="387,3442 1768,3442 2274,3346 2896,3417 2899,3289 1815,3189 390,3317"/>
                <Baseline points="406,3405 484,3405 573,3405 663,3399 752,3393 842,3393 932,3388 1021,3382 1111,3376 1201,3364 1290,3364 1380,3364 1469,3358 1559,3358 1649,3358 1738,3352 1828,3340 1918,3334 2007,3328 2097,3328 2186,3328 2276,3328 2366,3334 2455,3334 2545,3340 2635,3346 2724,3352 2814,3364 2904,3364"/>
                <TextEquiv>
                    <Unicode>D. Streid ist entsetzt.</Unicode>
                </TextEquiv>
            </TextLine>
            <TextLine id="tr_2_tl_4" custom="readingOrder {index:3;}">
                <Coords points="422,3714 840,3720 1731,3558 1977,3639 2424,3592 2505,3452 1868,3417 953,3561 825,3480 434,3517"/>
                <Baseline points="442,3662 448,3656 537,3650 627,3644 717,3644 806,3632 896,3627 985,3609 1075,3597 1165,3591 1254,3585 1344,3579 1434,3579 1523,3573 1613,3567 1702,3555 1792,3549 1882,3543 1971,3537 2061,3549 2151,3549 2240,3549 2330,3555 2420,3555 2509,3549"/>
                <TextEquiv>
                    <Unicode>ehen aber je äusern?  4 sieht</Unicode>
                </TextEquiv>
            </TextLine>
            <TextLine id="tr_2_tl_5" custom="readingOrder {index:4;}">
                <Coords points="422,3964 1443,3808 2599,3827 2646,3670 2165,3689 1915,3595 1621,3724 1399,3624 1181,3745 434,3748"/>
                <Baseline points="442,3895 495,3895 585,3889 675,3883 764,3877 854,3872 944,3866 1033,3854 1123,3836 1212,3824 1302,3806 1392,3800 1481,3806 1571,3806 1661,3800 1750,3794 1840,3788 1930,3782 2019,3788 2109,3794 2198,3794 2288,3794 2378,3794 2467,3788 2557,3782 2647,3776"/>
                <TextEquiv>
                    <Unicode>pik no sich. G. wie [illegible]</Unicode>
                </TextEquiv>
            </TextLine>
            <TextLine id="tr_2_tl_6" custom="readingOrder {index:5;}">
                <Coords points="450,4142 784,4217 1406,4061 2012,4123 2296,4067 2302,3980 2090,3908 1831,3973 459,3973"/>
                <Baseline points="466,4140 513,4140 603,4134 693,4128 782,4122 872,4122 962,4116 1051,4099 1141,4075 1230,4069 1320,4063 1410,4057 1499,4057 1589,4051 1679,4057 1768,4057 1858,4051 1947,4045 2037,4039 2127,4039 2216,4027 2306,4039"/>
                <TextEquiv>
                    <Unicode>besteht. G. blad ist, -</Unicode>
                </TextEquiv>
            </TextLine>
            <TextLine id="tr_2_tl_7" custom="readingOrder {index:6;}">
                <Coords points="372,4398 697,4433 1687,4298 1984,4392 2462,4358 2693,4330 2696,4198 2018,4120 1762,4214 1559,4142 1334,4245 1118,4192 784,4261 603,4183 378,4248"/>
                <Baseline points="388,4391 460,4385 549,4373 639,4367 728,4361 818,4356 908,4344 997,4338 1087,4332 1177,4320 1266,4308 1356,4302 1446,4290 1535,4296 1625,4296 1714,4296 1804,4296 1894,4284 1983,4284 2073,4290 2163,4284 2252,4284 2342,4290 2431,4290 2521,4296 2611,4296 2700,4302"/>
                <TextEquiv>
                    <Unicode>bestellt an ihnen Er haben</Unicode>
                </TextEquiv>
            </TextLine>
        </TextRegion>
    </Page>
</PcGts>
