3544 4680
682 1051 2968 1222 Die Volkssängerin ein 19jähriges Mädel, Vater al-
461 1282 2993 1427 ter berühmter Volkssänger. Verschiedene Mitglieder der
464 1396 1329 1572 Gesellschaft.
698 1560 2905 1733 Ihr Liebhaber ein harmloser, recht wohlhabender
464 1730 2946 1901 Hausherrnsohn vom Grund, der auch in der Gesellschaft
458 1853 1074 2030 mit verkehrt,
685 1996 2981 2147 Der Hauspoet, vielleicht zugleich Klavierspieler.
461 2198 2861 2352 Seine Vergangenheit. Die Volkssängerin erkrankt und
467 2337 2918 2466 erblindet. Ihr Liebhaber, obwol er sie sehr gern hat,
452 2513 2943 2643 bekommt eine Art Schauer vor ihr und will nichts mehr
458 2652 2936 2839 mit ihr zu tun haben. Er weiss das natürlich selbst
455 2760 2033 2959 nicht ganz genau. bis zu kommen
695 2940 2475 3101 Verstimmung in der Volkssängerfamilie.
685 3101 2112 3265 Was soll man mit ihr anfangen?
2365 3189 3120 3341 Als die Ida, wäre
682 3246 2330 3448 Die ingeniöse Idee des Hauspoeten.
2453 3293 2791 3435 Herrschafler
676 3416 2845 3596 Er bringt eines Tags das Kouplet zu den Volks-
461 3571 1077 3754 sängerischen.
685 3688 2946 3887 Auch das Mädel ist sehr erfreut und spürt anfang.
448 3893 2955 4032 lich durchaus nicht das Grauenhafte. Sie studiert das
436 4051 1781 4215 Lied mit dem Hauspoeten ein.
682 4146 2292 4351 Vertraulichkeiten dieses Menschen.
