3640 4824
266 1094 2288 1499 Sie töskelg über die Höpfliche heimile.
275 1395 2173 1723 Wie sie haben der Maga kommen
313 1596 1522 1990 Ihre Eil ist ch. -
331 1715 2335 2137 Himmhstelte und d'Aufsahrt
275 2019 1147 2306 This just day
384 2069 2291 2439 seit ein Regenler, kalt; da
331 2374 1360 2590 Minle Salr Dr
331 2454 2368 2749 Bal krie Personet, talr in
325 2752 724 2965 Sücke
349 2743 2652 3122 Beide ging sicher, auch d Blinde -
331 3030 2640 3403 Gleich mit der höhe Kriege stellt sie sich
281 3281 1919 3598 auf; die er for ihnen -
367 3429 2194 3808 Sonst nach d Einfasst
372 3598 2758 4012 die Kleide hatte sieben sich sind,
370 3944 1117 4165 m klunged
429 4018 1389 4319 Er sah u. Fotist.
411 4136 2220 4420 es und da ich, noch eben
