3624 4616
336 1133 2641 1399 Pluch in der müsse, der dir umarmt sol¬
293 1389 2766 1758 Sie verleibt sich in einer, damit der Tk
247 1636 1804 2008 nicht an diesem Erfül¬
2061 1735 2897 2081 h. gibt sie sie
230 1952 1416 2219 einen andere hin.
435 2190 2976 2450 Seit sonderliche Abschein, er begreift nicht, ist sie seit 9
441 2417 2943 2687 hergegeb - umsamt als sie sein Frauen bel¬
392 2650 1771 2960 auch Brief an ih an ihr
438 2897 3082 3134 Ich soll bei im Entschuldig. Daß mich Sie zu törmlichen
487 3102 2196 3391 Weltendt bin ich tijge sehr nombre
359 3414 2967 3671 Es kann sich in Zollverstandlicht, Erstere, wendet ich er
333 3655 915 3875 Assäre Kühle –
491 3819 971 3977 M Brunn
