3624 4840
410 631 3273 1005 auf de Lage.  Marnfosl i da 6 jette
588 945 2602 1305 Ein Mag. gebrochen.. Reisend
520 1144 3248 1519 Jetzt auf dem Brudel Einfall,
528 1422 3155 1758 Stohte wir sich war um 100 fr geht.
520 1590 3173 2000 sind da ich alle wieder zu den Bett
378 1922 1558 2257 so
481 2082 3362 2478 Hier gellered in der Zimit Reiffer
517 2321 3251 2677 xx - daß Capi v Rück -  d früß
520 2545 3298 2991 furde die habe... zufals... d. 1er frcs.
549 2834 2292 3187 d wird nicht mer Sie
560 3009 3048 3397 Uhr ungeht. in letzt. Zet tief.
513 3290 3119 3768 j. also ich will ers fl wo ..    w
570 3565 3155 3979 lel in soviel ich nur mit
2488 3868 3112 4143 of
556 3864 2442 4335 Gleis ambore in suis
