3624 4840
426 820 2558 1113 at Haler staub, d. han erschuldet
312 1072 2536 1366 sie weisst beid hat; das er in 26,
375 1312 1129 1533 d aus 16.
442 1413 2709 1776 Sie zogen sie und her. Sein auch soh
394 1687 1854 1940 Wird hiemit in r Curat
432 1854 2715 2119 Sie werden mit, ob d. Kleidtrank
366 2100 2356 2387 en traut ich wollt Thee Mein
372 2261 2586 2561 Dund kommt unser abschla¬
341 2469 2879 2778 wan en soll sich zur baar A auszustehen.
508 2684 1772 3012 to wea. in at A
353 2848 2444 3188 9 um Einhalt das der Sohn gemacht.
394 3065 2542 3337 Ich wird d nicht als alles
2876 3236 3236 3425 Yours
328 3242 2700 3573 ab traf ihn ein todt kennte an
2832 3393 3236 3567 w lors
353 3475 2599 3709 d. A., konnte ich entbe
2842 3516 3125 3687 Herrn
328 3756 788 4034 mayt
432 3920 2186 4166 so lebt sie es seit aus
293 4094 2384 4393 not know litt in
303 4358 2473 4579 frsul kennis ab ou tiland a/m
