3592 4648
385 798 1382 1052 Deu stost kan.
366 1001 2634 1251 keit gleich sitzen. Manch seinige aus.
348 1157 2568 1429 Isti lief sie u sei in sich je noveren.
370 1339 2492 1636 Der Blickt faht an behalt Mei¬
2681 1509 3272 1792 Vertrag
493 1538 2536 1821 in in seltsam. Er heißt u Eindre.
326 1756 3239 2028 ast fich an daselb sie i sor, aller -ab
276 1952 3014 2253 auf v Strafe; an behalt aber es ist h
2438 2053 3185 2274 recht, da ich
2369 2187 3141 2521 er meister
214 2158 2300 2463 es leicht nicht trete nach.
283 2409 1262 2648 Tis bella sal
348 2594 1654 2840 d steh sich mit.
366 2739 2438 3033 Zugreich? -
334 2931 1915 3203 was geweset. - Miss Bl
1915 3087 2481 3370 E. hat sehr
294 3116 1883 3428 at an shittly - kyf.
294 3323 2412 3606 in May komm. - hint 9/2
319 3522 1676 3827 sich die M. hören
337 3776 1571 4052 So schrieb sie stehe.
334 3892 2050 4215 nach. Meil. Rat in die Sich¬
316 4110 1614 4386 ist ande so... tels.
