3624 4840
442 741 3059 1003 und südlich tröst. D. han um it
489 962 2661 1278 mit der Rat sehr, mit Rozu.
530 1203 2060 1516 Kun. sich wie mit
462 1421 3134 1771 D glößlich zurückt ich – auch Angst
670 1747 2957 1985 führe sie nach sich auch er sich
1893 1985 3079 2287 Frembrunn
421 1998 1526 2403 große Geschw.
462 2226 3127 2597 d 100 frs. Sie werde ich gehen
415 2583 734 2821 Der
564 2770 2315 3032 Gesch. H. Kleid. non
544 3038 3232 3375 Mit is. Sparst mit mit ihn ein. und
2535 3171 2855 3287 In
452 3300 3185 3528 knot soll ich do  wen me auch
398 3616 1203 3932 in Herrt
489 3810 2879 4201 der wilig recht fort. A d Abend
