3624 4664
2938 856 3037 1096 3
841 1106 3105 1247 Schilderung des ersten Auftretens. Sie singt das
659 1263 2929 1371 Couplet. Wie sie sich selber in dem dunkeln Raum
610 1389 2877 1528 hört. Der Applaus. Wie sie zu Ende ist, hört sie
613 1558 3000 1709 schluchzen u.s.w. Jetzt erst geht ihr ihr Schicksal
601 1712 3080 1857 auf. Ihr Liebhaber ist nicht unter den Zuhörern gewe-
607 1863 3034 2011 sen. Jetzt begreift sie auch, warum er nicht da ist.
644 1984 2615 2125 :Dem ist keinerlei Wichtigkeit beizulegen:
829 2162 2806 2288 Das Kaffeehaus. Der zudringliche Hauspoet.
829 2295 3000 2452 Auch dieser spürt jetzt zum ersten Mal, was er
598 2498 2991 2621 getan hat. Erinnerung an die Zeit, wo er noch nicht
601 2624 2994 2775 verblödet und versoffen war. Er versucht, die Sache
588 2809 2698 2938 gut zu machen, durch übertriebene Heiterkeit.
813 2941 3077 3071 Erzählung von Dingen, die sich auf Licht, Frühl-
588 3098 3025 3256 ing, Leben beziehen. Furchtbarer Schmerz des Mädels.
579 3212 1121 3447 Selbstmord.
