3624 4840
387 792 1686 1024 Zimmerin. Im Jan.
431 928 2697 1188 Nachs in einem Raum auf der Bewegen
501 1125 3020 1426 Earl geldert nicht. Seit werde ich ggl.
564 1416 3118 1721 I am Mr nur sein Zeit verkant könnt
482 1654 2693 1987 Hr jüng in die Lande. Ich fehlen?
475 1835 3017 2148 Wirth Mollverhirr Reih. - I K
418 2076 2798 2405 krause. - Er geht hin. Ich. Wir wahrheit
393 2304 2804 2573 durchlasse Erst. Zu dem Dorfe die Briefe – Nicht'
418 2541 2865 2779 et d Hr vH- Hausen Erknehl.
450 2716 2909 2994 Nun nicht vorlaßen k auf d'selb.
425 2991 1866 3254 in 20f herausensem.
501 3194 2636 3489 Zweck 7- kr. kn. M not
513 3435 1816 3695 M wille i hin
520 3679 1182 3869 cll juinl
574 3806 2671 4043 Dr Wm. N. S. Hint. Schmoll
548 4043 1090 4322 lage if
646 4256 2646 4452 You - Mr Lagerantnus in Borne -
776 4411 1648 4541 Uhr um die Sonder¬
