3624 4840
2263 619 2457 767 G.H.F.
400 794 2377 1028 Karl darauf da auch auch:
391 1056 1195 1293 Cie blev
446 1185 2672 1469 Da recht u nicht auf, sechst Wort
465 1456 884 1644 was
443 1601 2343 1863 Al M Prud was einleitet
382 1807 2857 2069 4. Fall sich angetracht, wie er mit
382 2017 2288 2355 für den satt leb muß.
348 2241 2719 2598 Anfangb den Acht sie noch nicht ein
326 2485 2580 2869 ich kal heilt sein. Hof, die Ungleich
360 2700 2595 3054 m sich ab noch nicht da 9 heer.
514 3008 727 3131 alt
289 2980 2555 3279 Der Beede hatte haben läßt 1 samt
345 3214 2463 3531 sich übrig.  Alle meilich 1/4
348 3411 2380 3704 la ich vor - es erzällt ihm u
333 3701 911 3913 & will
336 3796 2337 4119 dann seit zu. Ob er leeht
317 4076 1601 4415 is - & we will.
