3640 4840
244 764 2213 1002 Nun je? Ein wird doch der
286 939 3089 1201 Sonderta! Ich hat dich um Ein ehrlich gehalten!
290 1225 834 1406 Roment!
346 1372 1344 1626 Dr. Stäbe sie stehe
335 1441 3092 1762 Von den Hausdien sieht, wie die Kleint mit
325 1661 2966 2045 sind die Wege streichelt, ich l'Kopfmente ich
2213 1947 2949 2262 fall at by
314 1975 1169 2244 raar Rufs gibt
352 2167 1693 2446 Nie + seit til jetzah
953 2300 2157 2593 Nicht aus freundlich
300 2436 775 2694 was &c
