6136 3608
3751 500 4139 649 Wien 12/80
3045 565 4600 771 Jak. Wassermann xxx. Gvinzing, Feilergasse 5
2292 653 2671 798 G.C.F.P.
2255 775 2807 883 cʼest une lettre de lʼhonneur avec le
2221 849 2664 937 Monsieur M r de
2108 912 2685 1030 cʼest avec lʼautre
3492 895 4623 1063 Verehrter Herr Brandes, lassen die sich für
1679 992 2656 1099 est a été retenué
3244 1009 4663 1191 ihren Brief danken. Es freut mich, erstens daß die mir
1685 1067 2738 1151 Monsieur Mlle
1576 1122 2624 1254 ̃ ̃ M. r
3249 1172 4648 1288 überhaupt zu Trieben haben und zweitens, daß Sie
1536 1206 2664 1347 G.C.H.F.Chiffertt
1301 1223 1500 1341 Pour Votre
3265 1229 4633 1399 es in so aufrichtiger Weise tun. Ihr Handpunkt
1368 1313 2473 1452 jours à l'autre mieux même, mais si le
3280 1334 4587 1479 den 3 Novellen gegenüber hat natürlich an
1141 1420 2700 1536 ̃ ̃ t
3274 1446 4589 1557 ich etwas Meerhütterliches, da er sich auf
1145 1473 2835 1620 à l'honneur à l'exposé sommaire.
3274 1513 4682 1656 ein. Soraussetzung gründet, die einer hütterlich
1194 1574 2564 1710 Monsieur Même, Mais M r de
3291 1618 4654 1740 ist. Das Rathologische, so bestreitbar es Kunst¬
1862 1631 2755 1767 Monsieur
1862 1715 2240 1801 P.S.
3137 1694 4619 1799 lerisch ist, - menschlich und persönlich ist es
1158 1738 1349 1834 G.C.F.P.
1385 1715 2297 1860 je vous en avez eu une
3280 1790 4629 1918 Taum zu widerlegen, und von keiner Seite
1458 1839 2761 1956 G.C.F.P.M.
3215 1874 4623 2009 aus. Aber verzeihen Sie mir, daß ich mich,
1391 1864 2551 2030 xyz xxx
3274 1971 4661 2059 trotzdem ich Autor bin, ein wenig zur Partei
1547 1971 2557 2116 Décembre nouveau avec le
3280 2066 4654 2164 meiner drei Damen Flage. Ist dies „Patho“.
1586 2059 2532 2166 Ce nouvelle nouveau
3286 2118 4703 2244 logische" nicht blos Symbol wie jedes andere kunst.
1523 2129 2503 2267 Monsieur M. Dernierung
3316 2194 4614 2303 leriche Motiv, das mehr eine kanne oder
3309 2278 4633 2381 Willi seinen Mosprung zu Greibt, sondern
3328 2351 4652 2475 dem gestellenden Bedürfnis des Künstlers?
1469 2370 2009 2488 le reste de lʼhonneur en
3328 2414 4650 2530 bietet es nicht einen Einwand auch gegen
3333 2498 4640 2603 die größten Werke und ist es nicht viel.
3339 2564 4684 2685 mehr etwas Zeitliches, Bedingtes als ein
3373 2645 4644 2755 Absolutes? Sollte es mir nicht gelungen
3370 2698 4684 2818 sein, es auch als ein Absoluter, ein Seiendes
3381 2776 4625 2908 zu fassen und sollten die trüben Reste
3375 2858 4635 2975 " Krankhafte Anlage" wie laboratorium.
3387 2948 4619 3053 Haus geblieben sein? Das wäre
3404 3015 4642 3146 allerdings ein vermitendes Kritarium.
