6119 3593
1163 569 2826 705 mit der tegens Bojesens haben sie nicht verecht.
1173 660 2818 770 es varen hier dansche Enflüsse im Spiel. In
1206 724 2665 840 seiner Zeit war vielassahne unter der
1200 799 2741 883 deutschen Jugens eine fast populäre gestalt
1218 825 2826 966 nur es mag dabei von meiner Seite sogar
1223 933 2739 1057 eine um von sativischer Absicht gewaltet.
1235 1003 1440 1107 Laben
1545 1024 2842 1169 teversins und des Halströms Schriften
1260 1136 2836 1260 kenne ich fast gar nicht. Doch interessiert
1283 1190 2785 1310 mich besonders letzterer sehr; ich spüre sa-
1289 1266 2782 1384 Zusage in der Luft, wer er ist uns dass
1293 1328 1796 1483 a Demand ist.
1690 1370 2807 1574 Jenny für heute. Neulich hoffte
1272 1504 2669 1643 ich uns mit uns ihre andern hiesigen.
1281 1560 2644 1736 trouve, dass Ihr weg von Pest aus
1287 1614 2793 1798 über wien gehen würde; leider haben Sie
1283 1765 1827 1858 nur enttäuscht.
2034 1783 2232 1854 G.H.F.P.
1634 1779 2673 1976 Mit vielen herzlichen fousien
1316 1862 2816 2021 in dem Ausdruck der Verehrung be¬
1938 1992 2118 2083 G.F.P.
1355 1992 1736 2114 of the
1872 2046 2662 2245 Jakobw assermann
1903 2331 2089 2456 G.C.F.P.
1473 2435 2263 2619 G.C.F.P.
1684 2555 1852 2642 G.C.F.P.
1957 2563 2137 2650 G.C.F.P.
2292 2712 2441 2780 G.C.F.P.
1856 2768 2166 2913 G.C.F.P.
2197 2805 2412 2931 G.C.P
2975 430 3744 616 Wassermann
3842 559 4632 741 Wien – Prinzing F.T. /4
3149 664 3403 838 J. W.
4135 765 4584 873 6. IV. 07
3575 945 4586 1092 Verehrtes Herr, Sie können
3169 1034 4673 1161 und ohne weiters die grös genugtenung mit
3182 1136 4700 1278 Freude glauben, die ich darüber empfinde, dan
3188 1231 4607 1390 Sie sich so eingehend mit mir meiner
3188 1347 4677 1475 tot uns meiner Erbeit befassen. Ich hätte
3169 1434 4584 1556 schon früher Ihren austührlicher und
3200 1510 4646 1634 interessanten Brief beantroßet, wenn
3204 1597 4560 1703 ich nicht bis in die letzten Tage
3204 1688 4626 1843 auf äusserste beschäftigt gewesen wäre
3221 1810 4673 1928 ich habe nämlich ein grosses werk¬
3240 1893 4566 2017 beendet, ein Buch, das mich seit
2871 1963 3049 2071 G.C.F.P
3240 1967 4659 2094 nun beinahe fünf sarten in Stein
3246 2025 4514 2160 hält und seit 15 Monaten in
3236 2114 4593 2265 ununterbrochene schreibe arbeit.
3258 2183 4601 2298 und so darf ich es, von meinem
3275 2257 4694 2404 hebens: und Interessenskreis aus, ein
3252 2331 4684 2487 grones werk wohl nennen. Der Titel
3223 2420 4684 2569 1st: Caspar Häuser oder: die Trägheit
3262 2516 4686 2658 des Herzens. Ich es ein nicht, ob Ihnen
3287 2578 4615 2706 von dem Leben an den Schicksalein
3298 2611 4665 2793 des unverbaren und seltsamen Jüng.
3310 2718 4659 2878 lings Caspar Häuser, der um die 30 er
3318 2795 4613 2921 satire des vorigen sehrhundert: eine
3312 2853 4620 3006 curropäude berichmtheit war, jähres
3306 2921 4644 3076 bekannt ist. Sein kurzer Lebenslauf
3310 3004 4632 3173 spann sich vollständig in meiner
