6120 3624
1727 279 2412 375 JULIE WASSERMANN
3444 240 3950 407 WIEN-GRINZING
2489 285 3008 509 Mais M r de
3627 365 4191 525 23. VI. 1912.
2150 519 3636 750 Sehr verehrter Herr Professor,
1730 750 4050 942 Mein Mann sagte mir, daß wir beide die
1762 891 4146 1070 Freude haben wurden, mit Ihnen, verehrte
1756 1032 4082 1217 Herr Professor am Montag zu speisen. Nun
1730 1157 4040 1368 vergaß er, daß am 25sten der Geburtstag
1695 1314 3969 1451 unseres Buben, und daß ich auch wegen
1708 1422 4062 1615 Umwohlseins unseres Ältesten, Tagsüber nicht
2979 1474 4210 1656 bitten also diese Verabredung Stellen zu lassen.
1682 1605 4018 1756 vom Haus fort kann. Wir sind Montag
2022 1692 2220 1791 sind wie
1660 1717 4110 1858 Abend bei Trebitsch, und da hoffen ich wir
1653 1852 4046 2025 zuversichtlich noch für einen der folgenden
2951 1961 3245 2073 mit Ihnen
1647 2015 3985 2175 lage eine Verabredung zu treffen, wir
1634 2114 4136 2307 sind dann immer frei. Vielleicht ist es doch
1634 2252 4098 2438 möglich, daß Herr Professor nach dem schönen
1624 2403 4194 2595 Grinzing fahren, und wir einmal zum Mittag
1672 2534 3800 2730 die Freude haben, Sie bei uns zu sehen.
1660 2672 4165 2823 Welche langejährig warme, entzückte Lesern,
1647 2794 4098 2960 und Verehrerin Sie in mir finden – Ihnen
1653 2960 4053 3133 das mündlich zu sagen, freut sich überaus
2041 3079 4142 3287 Ihre Sie bestens grüstende ergebenn
2352 3226 4024 3460 Julie Wassermann
