6167 3624
1872 1224 2980 1348 JAKOB WASSERMANN 20. I. 24.
1881 1323 2580 1405 ALTAUSSEE (STEIERMARK)
2525 1422 3183 1525 Verehrter Herr Professor
2525 1565 4097 1685 ia habe soeben ihr Voltaire - werd gelesen und fühle mich
2429 1666 4122 1742 gedrängt, ihnen meine herzliche Bewunderung auszusprechen. Das
2435 1717 4036 1807 ist nicht ein leeres wort; ich fühle diese Bewunderung wirklich
2429 1765 3770 1856 sa, das Buch hat mich, ausser dem mit Liebe er
2429 1826 3338 1906 abgeration von der Krass und S. Mecher
2447 1858 3421 1957 magistralen Gestaltung der ganzen Ep.
3713 1843 4029 1950 accréeren au
2441 1917 4061 2014 lebendigen Bildern, der historischen wahrheit und Durchrichtig¬
2466 1988 4101 2085 keit des profunden wissens und des souverainen Beherrschung.
2452 2049 4010 2117 des Waterials, — abgescheu von alle dem (was ja allein scho¬
2454 2117 4012 2174 eine Leistung hohen Ranges bezeichnet) haben sie auch in
2460 2165 4059 2235 der Eigen des Vorfäre eine erschütternde und in jeder Beziehung
2454 2231 3894 2308 gemehrasse Gestalt geschaffen; mehr noch: haben sie den
2471 2268 3892 2346 den eingebenden und empfänglichen wenigstens zu einem
3583 2306 3966 2380 4 die Zeistan
2466 2321 3440 2391 stützten und erschauenden Nachdeuken
3134 2363 3983 2439 um dass dies unsere Welt noch
2546 2378 3065 2458 nerer welt gebraat
3134 2397 4012 2492 die natürlich, wir aber aufahren es
2544 2431 3071 2500 einer ist, das wissen
2496 2483 4031 2551 in gemein geäusigen Umlang erst durch sie. jede ist von
2490 2511 4042 2597 Exkenntnis ist ein Geisch; wenn diese Erkenneine noch mit
2490 2586 4078 2650 einem Schaffen verbunden ist, erhält man ein Gegengewicht
2502 2654 4006 2749 ten die widrigkeit und Sinnlänglich menschlicher Elistenz.
2751 2704 3225 2812 et dans le jeune.
3229 2822 3764 2934 sakobis anermann
