6151 3624
1272 369 2103 558 Votreur sérieuse, à l'auteur ses rêmesseurs.
1649 558 2052 702 G.C.H.F.P
1260 662 2119 825 G.C.H.F.P.S.
1182 931 2307 1122 3 rue a ̃ M. r, M.
1236 1107 2576 1236 sont fait devenu, jusqu'a l'autre mieux, mais
1158 1188 2562 1332 Vous prie, Monsieur, y ai même, mais c'est avec
1270 1294 2550 1441 „ „   ̃   —   „
1366 1406 2568 1535 3.0. au moins à 2 à 3,000 m.
1296 1497 2600 1625 est à l'honneur avec M r de la
1505 1563 2682 1709 Vous prie, Monsieur,
1475 1677 2592 1782 G.C.H.F.KF.P.S
1290 1727 2648 1882 Votre beauilleur a été précédé.
1194 1834 2712 1968 xyz xxx
1176 1946 2779 2060 (votre 3e) p.p. p. s.
1126 2000 2568 2137 Monsieur, que je prends mais
1182 2103 2640 2193 j'ai fait avec moi avec un même
1122 2175 2546 2311 j'ai ai eu le même soir à l'appel de Votre
1242 2247 2538 2347 Monsieur M. Dernierung
1236 2331 2550 2436 ̃ ̃̃ ^
1236 2396 2490 2500 éviter à l'autre avec les mêmes, mais de
1188 2472 2474 2604 j'ai fait eu une lettre de même
1170 2548 2486 2656 revenir l'auteur ses mêmes, mais
1146 2612 2696 2735 reichung avec le médecin.
1206 2684 2472 2809 ̃ ̃ M
1164 2769 2490 2885 Gouneur avec vous avez eu que
1224 2859 2438 2957 Ce nouvelle avec une lettre est
1224 2917 2450 3032 Monsieur le précédé
1230 2997 2444 3110 de cette lettre est avec
1234 3070 2400 3188 F.TrubyKing.
3122 668 4627 762 "Denn wenn „Johanna" nicht die in reiner Jderalität
3116 756 4586 833 liebende und sehnsüchtige Seele ist, die Seele der
3140 821 4645 913 Liebe Schleythin, so erkstätig sie auch auch gibt, was
3140 871 4558 973 hätte ich dann noch zu wegen? Und wenn
3164 957 4612 1043 der Clareka gestalt uns zum Ausdruck und zur Er¬
3184 1019 4562 1111 Wennung gelangte, wie gleichgültig und wenig
3176 1101 4645 1198 Televant Worte wie „Wahrheit“ oder „Lüge" sind.
3176 1162 4592 1270 gegenüber dem alles hinweg reitzenden Trieb zum
3196 1228 4532 1368 Manhentum, dann hätte ich schwer gefehlt.
3463 1346 4663 1453 Es steht mir nicht an, Sie aufzuklären.
3208 1420 4641 1553 verehrter Mann. Nahmen Sie diese Worte im
3212 1523 4645 1619 als eine schüchterne Bemühung, einen Hinweis
3242 1595 4627 1717 Zu geben oder einen andern Standpunkt
3260 1667 3896 1780 plausibel zu machen.
4352 1709 4534 1776 G.H.F.P
3539 1727 4671 1890 Wenn die wieder mal nach Wien
3284 1836 4576 1982 kommen, hoffe ich doch, daß Sie im
3272 1928 4582 2048 davon Nachricht haben werden, denn ich
3210 1992 4635 2119 würde Sie gerne sehen und sprechen.
3296 2064 4651 2207 Inzwischen gestatten Sie die Versicherung
3282 2159 4618 2311 meiner Ergebenheit und meines Dankes.
3846 2408 4452 2508 Jakobw assermann
