6136 3625
2036 1050 3692 1175 deutscher als ich selber will. Ihren Aufsatz
2030 1129 2782 1213 möcht ich gerne, lesen
2461 1184 3684 1286 Ich schicke Ihnen anbei mein
2121 1261 3686 1352 Bild. Vielleicht erinnern Sie ich nun.
2077 1352 3669 1432 Allerdings schwieg ich an jenen Abenden
2090 1415 3738 1519 Zumeist, - nicht aus Lust am Schweigen,
2077 1475 3559 1559 sondern weil ich mir dachte, Sie
2090 1554 3767 1638 wüßten nichts von mir. Also die jure
2109 1613 3642 1711 literaten hofte Eitelkeit, wie Sie sehen.
2740 1719 3303 1836 herzlich ergeben
2769 1865 3632 2007 Jakobw assermann.
