6136 3608
2138 829 2417 961 J. W.
2390 1098 3478 1209 Wien: Hietzing, Lainzerstrasse 58/1
2646 1307 3976 1413 Verehrter Herr Doktor, vielen Dank
2415 1398 3919 1490 für Ihren Brief. Den meinen haben Sie
2390 1455 4020 1545 sehr liebenswürdig aufgenommen und dafür
3136 1520 4020 1626 noch besonders. Das junge
2384 1549 3028 1626 dank ich Ihnen.
2402 1608 3884 1713 böhmische Fräulein scheint mich wirklich
2402 1669 3974 1756 nicht zu kennen. Das ich finniß bin,
2409 1730 3967 1837 ist ebenso unmöglich, wie das meine
2421 1805 3943 1894 bücher in Lebräischer Sprache hätten ge¬
2415 1882 3829 1953 ehrieben werden können. Was Sie
2421 1955 4002 2037 mir sonst Schreiben, sind sehr liebe Nach¬
2427 2012 4022 2122 richten, deren ich mich freue. Es ist
2441 2096 4002 2185 mein erschüter Gedanke, bei Ihnen im
2437 2161 4002 2238 Norden etwas zu gelten, denn ich bilde
2437 2242 3992 2307 mir ein, selbst ein wenig nordisch zu
2449 2282 3986 2423 sein, nicht vom Standpunkt der
2461 2350 3915 2467 Kälte, sondern von dem der Bärke
2449 2441 4008 2545 aus. Der Fränkirch = jüdische werks / pag ist ja
2449 2512 4014 2624 auch etwas ganz anderes als etwa der
2461 2579 4063 2758 galigische oder polnische und ich bin im Innern
