6136 3594
1230 579 2783 805 engèren Heimat ab (w. ziemberg, türbach)
1255 751 2880 888 und noch heute gibt es doch eine mündliche
1253 846 2876 945 Tradition über ihm. Es ist ein grosser Stoff
1281 921 2734 1050 von allgemein menschlicher Bedeutung
1295 979 2736 1113 und ich glaube hier in der Idee die
1301 1069 2754 1196 resteste Ausdehnung gegeben zu haben,
1307 1141 2787 1281 und ein ich alles seltsame und Singuläre
1313 1232 2762 1354 twilichst verwischt und aufgelöst habe.
1326 1305 2783 1453 doch auf sich, auch nur andertungs¬
1338 1388 2760 1506 weise, mehr d'arribe nicht gut sagen,
1360 1459 2783 1579 Sie verder ja das Buch bald Reumen
1368 1534 2809 1635 lernen und ich bin sicher, dass Sie
1360 1617 2677 1738 darin eine Entwicklung nach ganz
1368 1676 2795 1817 anderer Richtung tussen und dass das
1386 1755 2896 1882 meiste von dem, was sie nur meiner
1380 1827 2718 1937 kunst, meine darstellungsart zum
1400 1892 2837 2036 stellen oder lauten darauf machten
1390 1971 2860 2109 in diesem Verk gar nicht aufzuschär¬
1409 2050 2752 2186 sein wird. Es erscheint mir selbst
1427 2151 2621 2254 die eine große Zuflösung von
1415 2204 2760 2319 diesonangen. Un darauf Rouent es
1409 2252 2789 2384 ja hier au ob et ennem Runckler
1386 2378 2791 2465 gegeben ist, von innen heraus zur
1431 2418 2783 2554 weihert gegen Welt und Werk zu
1445 2503 2847 2619 gelangen; es ist das Characteistische
1445 2560 2884 2702 innerer Zeit, dass auch große Talense
1451 2637 2362 2793 an sich selbes ersticken.
1696 2712 2758 2858 Ich glaube auch dass ich
1433 2791 2835 2943 hier zum ersten kal nicht um meine
1443 2876 2669 2981 v. Meichkeit gegeben zahle — um
1487 2938 2746 3050 Thren eignen, besonders durch zu gebrauchen —
1481 3003 2728 3125 sondern eine allgemeine, eine
1494 3068 2872 3198 soziale Histlichkeit. Das ist richtig.
3009 571 4614 761 Unsern deutschen Schriftstellern, was Sie
3034 704 4653 840 auch sonst haben mögen, fehlt es, mit
3032 771 4586 913 Sorsnahme der ganz grossen natürlich.
3040 866 4525 998 an Welt. Besonder gegenwärtig legt
3046 967 4586 1071 man etwas gar zu viel gewicht auf
3056 1028 4564 1156 die „Seele“ uns begnügt sich, wo mehr
3080 1107 4677 1220 Landwerksmässige Bearbeitung bequem¬
3092 1180 4620 1287 kommenes Aileens zu bestellen vorliegt.
3086 1226 4701 1360 damit, ein continulores Etwas in einem
3098 1342 4647 1451 bodenlosen Raum schwimmen zu lassen;
3092 1394 4594 1540 selten tritt beneres auf diese tot zu
3135 1481 4647 1595 Tage als höhere literarische Seiltäugerei
3129 1554 4677 1668 Bei dem Künstler des reift, reiten will,
3129 1633 4669 1740 und auch weiss was Reife ist, entscheht
3139 1678 4634 1803 aber ein grosses Verlangen nach dem
3129 1749 4622 1862 was ich „Welt“ neune, weil, wie sie
3169 1827 4669 1975 im höchsten Sinn etwa die wahlver¬
3165 1892 4549 2040 wandtschaften oder, in einem vierig
3187 1975 4675 2109 Geringeren, etwa die englischen Romane
3200 2078 4730 2184 des 18. Jahrhunderts bis herab zu Thackeray
3216 2139 3566 2248 euthalten.
3414 2210 4630 2364 was Sie über, viel sagen gegen die
3206 2346 4677 2420 Inden von Ziondorf bemerken, scheint uns
3224 2378 4592 2503 zumeist stichhältig. Die Einflechtung des
3224 2455 4551 2566 Königs hat, äusserlich betrachtet, gewiss
3236 2520 4675 2631 etwas viermöliches, der ideelle zusammen.
3236 2570 4723 2653 hang ergebt sich freilich von selbst, wenn¬
3236 2623 4689 2730 gleich es etwas jugendlich verstiegen erscheint;
3193 2690 4622 2809 (denn Sie müssen bedenken, dass ich
3260 2746 4632 2858 dieses Buch im Eller von 22 Jahren
3264 2799 4642 2918 schrieb.) aber dass Ludwig II „ einfach“,
3291 2874 4659 2989 nahmig“ gewesen, wie Sie schreiben,
3278 2924 4663 3056 das ist meine Zusicht nicht. In diesem
3260 3017 4671 3117 fall werden wir uns wahrscheinlich ebenso
3278 3068 4701 3246 schwer verstehen wie in allen andern leicht.
