3688 4328
3123 593 3265 725 31
907 682 3318 951 als wären sie weiss Gott was. Es kam ihr ganz merk-
910 858 3355 1120 würdig vor, als zu Beginn des zwetten Aktes sich die
960 1055 3361 1201 Leute wieder ganz ruhig auf ihre Plätze begaben und
914 1157 3376 1392 mit einem ihr unverständlichen Interesse auf die Büh
917 1327 3358 1577 ne bltokten. Nur sie, von all den vielen Leuten, be-
920 1534 1506 1741 kam Migräne.
1451 1605 3426 1821 "Ich fahre nach Hause", sagte sie zu threm
910 1815 2991 2025 Mann, "ich habe wieder meine Kopfschmerzen."
914 1941 3265 2157 Sie sagte "meine" das war apodtktisch. Diese Kopf
935 2096 3284 2309 schmerzen es waren die thren, unverdusserlich, un
932 2247 3290 2488 wiedersprechlich und keiner hätte wagen dürfen sie
944 2463 1608 2648 zu bestretten.
1414 2515 3373 2722 „Schicke den Wagen nur wieder zurück“, sag
951 2707 3404 2941 te der Gemahl, ohne seine Augen von der Bühne zu wen-
947 2926 1164 3129 den.
1398 2978 3207 3185 Diese kühle Antwort entzückte sie, sie
932 3207 3315 3333 wusste selbst nicht warum. Sie erhob sich geräusch
941 3333 3420 3571 los, ihr Mann war ihr behilflich die Mantille und das
957 3475 3213 3719 schwarze Spitzentuch umzuwerfen und sagte: "Lege
935 3691 2173 3870 Dich nur gleich schlafen."
