3736 4312
3068 398 3234 627 53
1020 612 3356 820 und es war ihm klar, dass nur diese den Brief ge-
1028 794 3401 984 schrieben haben könne. Er dachte nach wer ste wäre,
1028 916 3371 1130 liess es jedoch nicht merken, dass sie ihm auffiel
1034 1091 3329 1290 und schaute sie nur von der Seite an. Einmal aber
1034 1201 3427 1424 trafen sich ihre Blicke. Er liess denn seinen still
1049 1397 3270 1561 und forschend auf ihr weilen. Sie wollte den Fä
1061 1540 3332 1730 cher erheben, um ein Zetchen zugeben, dass er ihr
1052 1706 3308 1879 folge, jedoch ihr Arm war wie gelähmt. Sie stand
1061 1846 3398 2045 regungslos da, ohre Augen öffneten stch wett, ver
1061 2021 3299 2194 schletert, verlangend. Plötzlich sah sie wie Ri
1070 2146 3317 2327 chard lüchelte und letse nichte. Sie verstand es
1058 2322 3365 2536 nicht. Da hörte sie die Stimme ihres Mannes neben
1079 2458 3401 2654 sich, der ihr sagte: "Nun, unterhältst Du Dich gut,
1079 2616 3282 2824 Gabriele, hast Du nicht Lust etwas zu nehmen? »
1540 2758 3326 2975 Sie war aufgeschreckt. Sie wusste nun,
1088 2913 3430 3077 dass sie von Richard erkannt war. Sie dachte nicht
1088 3077 3308 3276 an ihren Mann. Sie hätte zu Richard hin und auf
1097 3249 2550 3448 schreten mögen: ja, ich bin es!
1507 3404 3297 3609 Ihm war es auch in diesem Momente, als
1100 3567 3302 3742 begännen ihre Arme sich zu öffnen, wie wenn sie
