3688 4248
3182 510 3327 712 10
1007 748 3242 920 denen er eigentlich gleichgültig war, über Lube
1023 860 3339 1110 sprechen ohne sie zu langwetlen und wenn er ihnen
1026 1053 3448 1225 seine allgemein gehaltenen Bemerkungen vorplauderte,
1026 1191 3336 1369 so gab er denselben jenen eben noch erlaubten An
1026 1351 3342 1562 strich von Persönlichkeit, der pikant ist ohne zu
1038 1517 3432 1722 beleidigen. Auch Gabriele empfand den Zauber seines
1026 1650 3354 1858 Gespräches. Sie merkte, dass eigentlich immer von
1050 1822 3439 2015 ihr die Rede war und wenn er vom Leben, von der Fre
1041 1961 3399 2142 de, von der Liebe sprach, so dachte sie an Richard
1047 2142 2494 2286 sah ihn an und wurde zerstreut.
1457 2262 3363 2464 Und eigentlich kam alles was Baron Titus
1056 2437 3396 2624 sagte auf eines heraus: Fretheit der Liebe, die er
1065 2609 3330 2763 freilich nicht mit Gründen des Kommuntsmus, son
1056 2739 3372 2923 dern des Herzens in mantgfacher Wetse zu predigen
1068 2890 3315 3055 gewohnt war, was den Frauen meist sehr einleuch
1071 3080 3288 3233 tend schien. Freilich hatte Titus tausend Worte
1068 3215 3291 3399 für den einen Begriff, hundert Entschuldigungen
1074 3351 3390 3532 für die eine Schuld, für das eine Thema unendlich
1062 3511 3339 3731 viele Vartationen in Dur und Moll. Er teilte die
