3704 4232
3116 516 3212 631 7
1366 671 3175 856 "Das lag mir auch wenig am Herzen. Ich
952 804 3441 995 steckte tagelang in den Bibliotheken-; und in der Rei -
952 992 3323 1184 sezett durchwanderte ich zu Fuss die Schwetz, auch
949 1153 3190 1323 die landschaftlich schöneren Partien Süddeutsch
952 1317 3209 1496 lands. Einmal velebte ich ein paar Wochen an der
946 1490 1373 1669 Nordsee.
1403 1595 3298 1762 "Also Naturschwärmer", bemerkte Gabriele
2442 1734 3373 1951 sagte die Hansfrau
955 1787 1679 1938 möglichst kurz.
1437 1876 3351 2118 "Doe erste Quadrille, sind Sie nicht en
968 2068 2074 2260 gagiert, Herr Nissmer?“
1394 2204 3403 2356 "Gewiss, gnädtge Frau. Und darf ich in dem
974 2362 3246 2529 selben Atem wagen", fuhr er zu Gabriele gewendet
983 2553 3295 2696 fort, "Sie, gnädige Frau, um die zweite Quadrille
980 2711 1527 2862 zu bitten?"
1502 2850 1892 2995 "Bitte!"
1403 3014 1991 3209 "Ich danke!"
1391 3162 3434 3342 Er verabschiedete sich rasch mit einem ober
980 3289 1932 3490 flächlichen Lächeln.
1379 3475 3388 3663 Die Hausfrau bewillkommte die neuen Gäste.
