<?xml version="1.0" encoding="UTF-8" standalone="yes"?>
<PcGts xmlns="http://schema.primaresearch.org/PAGE/gts/pagecontent/2013-07-15" xmlns:xsi="http://www.w3.org/2001/XMLSchema-instance" xsi:schemaLocation="http://schema.primaresearch.org/PAGE/gts/pagecontent/2013-07-15 http://schema.primaresearch.org/PAGE/gts/pagecontent/2013-07-15/pagecontent.xsd">
    <Metadata>
        <Creator>prov=READ-COOP:name=TrHtr:version=2.1.0:model_id=51170:date=14_08_2023_17:43</Creator>
        <Created>2023-05-10T14:28:38.407+02:00</Created>
        <LastChange>2023-08-14T17:43:18.676+02:00</LastChange>
        <TranskribusMetadata docId="1428636" pageId="55420563" pageNr="52" tsid="132819202" status="IN_PROGRESS" userId="64420" imgUrl="https://files.transkribus.eu/Get?id=XPYRNLWGDUIOHIPLXRULPJFN&amp;fileType=view" xmlUrl="https://files.transkribus.eu/Get?id=BGSPEWMTINJVVUEYNGWWUJMZ" imageId="44694665"/>
    </Metadata>
    <Page imageFilename="1428636_0052.jpg" imageWidth="3672" imageHeight="4328">
        <ReadingOrder>
            <OrderedGroup id="ro_1711819796196" caption="Regions reading order">
                <RegionRefIndexed index="0" regionRef="tr_1"/>
            </OrderedGroup>
        </ReadingOrder>
        <TextRegion id="tr_1" custom="readingOrder {index:0;}">
            <Coords points="898,606 3331,606 3331,2851 898,2851"/>
            <TextLine id="tr_1_tl_1" custom="readingOrder {index:0;}">
                <Coords points="2914,687 2932,687 2954,665 2981,681 2999,672 3008,678 3033,675 3033,511 2993,517 2951,492 2942,501 2914,501"/>
                <Baseline points="2931,659 2949,656 2993,656 3038,656"/>
                <TextEquiv>
                    <Unicode>47</Unicode>
                </TextEquiv>
            </TextLine>
            <TextLine id="tr_1_tl_2" custom="readingOrder {index:1;}">
                <Coords points="881,866 3118,872 3078,757 2589,714 881,751"/>
                <Baseline points="898,850 931,850 976,850 1020,850 1065,850 1110,847 1155,847 1199,847 1244,844 1289,844 1334,844 1378,844 1423,844 1468,844 1513,844 1558,844 1602,844 1647,844 1692,844 1737,844 1781,844 1826,844 1871,844 1916,841 1961,841 2005,841 2050,841 2095,841 2140,841 2184,841 2229,841 2274,841 2319,841 2363,838 2408,838 2453,835 2498,835 2543,835 2587,838 2632,835 2677,832 2722,832 2766,832 2811,832 2856,832 2901,832 2946,832 2990,832 3035,832 3080,832 3125,832"/>
                <TextEquiv>
                    <Unicode>hat mir ein bisschen Schlaflosigkeit verursacht.</Unicode>
                </TextEquiv>
            </TextLine>
            <TextLine id="tr_1_tl_3" custom="readingOrder {index:2;}">
                <Coords points="893,1048 1793,1003 1990,1067 2173,997 3151,1073 3206,893 893,927"/>
                <Baseline points="910,996 931,996 976,999 1020,996 1065,999 1110,999 1155,999 1199,999 1244,996 1289,996 1334,999 1378,999 1423,999 1468,999 1513,999 1558,996 1602,996 1647,993 1692,993 1737,993 1781,996 1826,993 1871,993 1916,996 1961,996 2005,996 2050,993 2095,996 2140,996 2184,996 2229,993 2274,993 2319,993 2363,993 2408,990 2453,990 2498,990 2543,990 2587,990 2632,990 2677,990 2722,990 2766,990 2811,987 2856,990 2901,987 2946,987 2990,987 3035,984 3080,984 3125,984 3169,984 3214,987"/>
                <TextEquiv>
                    <Unicode>Jetzt ist es wieder Winter, das macht mich gesund.</Unicode>
                </TextEquiv>
            </TextLine>
            <TextLine id="tr_1_tl_4" custom="readingOrder {index:3;}">
                <Coords points="893,1158 2322,1237 2543,1140 3200,1173 3200,1073 3072,1030 2243,1097 893,1048"/>
                <Baseline points="910,1140 955,1146 999,1146 1044,1146 1089,1146 1134,1146 1179,1146 1223,1149 1268,1149 1313,1152 1358,1149 1402,1152 1447,1152 1492,1152 1537,1149 1581,1149 1626,1149 1671,1149 1716,1146 1761,1146 1805,1146 1850,1146 1895,1146 1940,1146 1984,1146 2029,1146 2074,1146 2119,1146 2164,1146 2208,1146 2253,1143 2298,1140 2343,1140 2387,1140 2432,1140 2477,1140 2522,1140 2566,1137 2611,1140 2656,1140 2701,1137 2746,1140 2790,1140 2835,1140 2880,1140 2925,1140 2969,1140 3014,1140 3059,1137 3104,1137 3148,1137 3193,1143 3205,1146"/>
                <TextEquiv>
                    <Unicode>"Ja das ist ganz merkwüdrig mit den Jahreszeiten",</Unicode>
                </TextEquiv>
            </TextLine>
            <TextLine id="tr_1_tl_5" custom="readingOrder {index:4;}">
                <Coords points="887,1319 1018,1310 1158,1367 1404,1319 1592,1346 1835,1319 1835,1231 1784,1206 1565,1203 1437,1249 1146,1222 1039,1249 887,1216"/>
                <Baseline points="904,1304 949,1301 993,1301 1038,1301 1083,1301 1128,1301 1173,1298 1217,1301 1262,1298 1307,1298 1352,1298 1396,1298 1441,1298 1486,1295 1531,1295 1575,1295 1620,1295 1665,1295 1710,1295 1755,1298 1799,1298 1844,1301"/>
                <TextEquiv>
                    <Unicode>warf der Gemahl ein.</Unicode>
                </TextEquiv>
            </TextLine>
            <TextLine id="tr_1_tl_6" custom="readingOrder {index:5;}">
                <Coords points="1343,1468 1595,1535 2309,1538 2647,1456 3230,1459 3230,1361 1343,1395"/>
                <Baseline points="1361,1447 1402,1447 1447,1447 1492,1447 1537,1447 1581,1444 1626,1444 1671,1447 1716,1450 1761,1450 1805,1450 1850,1450 1895,1450 1940,1447 1984,1447 2029,1447 2074,1447 2119,1447 2164,1444 2208,1444 2253,1441 2298,1441 2343,1441 2387,1441 2432,1444 2477,1444 2522,1441 2566,1444 2611,1441 2656,1441 2701,1441 2746,1441 2790,1441 2835,1441 2880,1438 2925,1438 2969,1441 3014,1438 3059,1441 3104,1441 3148,1438 3193,1438 3238,1435"/>
                <TextEquiv>
                    <Unicode>Am Freitag schrieb Gabriele wieder einen</Unicode>
                </TextEquiv>
            </TextLine>
            <TextLine id="tr_1_tl_7" custom="readingOrder {index:6;}">
                <Coords points="887,1626 2428,1693 2711,1607 3093,1626 3127,1516 887,1522"/>
                <Baseline points="904,1605 937,1608 982,1605 1026,1605 1071,1605 1116,1605 1161,1605 1205,1605 1250,1608 1295,1608 1340,1605 1384,1605 1429,1605 1474,1605 1519,1605 1564,1602 1608,1605 1653,1605 1698,1602 1743,1605 1787,1602 1832,1602 1877,1602 1922,1602 1967,1602 2011,1602 2056,1599 2101,1599 2146,1599 2190,1599 2235,1599 2280,1599 2325,1599 2369,1602 2414,1599 2459,1599 2504,1599 2549,1599 2593,1596 2638,1596 2683,1596 2728,1596 2772,1596 2817,1596 2862,1596 2907,1596 2951,1596 2996,1596 3041,1593 3086,1593 3133,1591"/>
                <TextEquiv>
                    <Unicode>Brief ann Richard: Du musst auf die Redoute kom</Unicode>
                </TextEquiv>
            </TextLine>
            <TextLine id="tr_1_tl_8" custom="readingOrder {index:7;}">
                <Coords points="881,1790 1209,1778 1325,1869 2024,1793 2240,1841 2243,1683 1443,1714 1337,1668 1130,1729 884,1693"/>
                <Baseline points="901,1764 907,1764 952,1764 996,1764 1041,1764 1086,1764 1131,1764 1176,1764 1220,1761 1265,1764 1310,1761 1355,1764 1399,1761 1444,1761 1489,1758 1534,1758 1578,1758 1623,1761 1668,1761 1713,1758 1758,1761 1802,1761 1847,1758 1892,1758 1937,1758 1981,1758 2026,1755 2071,1755 2116,1758 2161,1758 2205,1758 2250,1761"/>
                <TextEquiv>
                    <Unicode>men, um Himmelswillen, kommen.</Unicode>
                </TextEquiv>
            </TextLine>
            <TextLine id="tr_1_tl_9" custom="readingOrder {index:8;}">
                <Coords points="1480,1963 2598,1990 2689,1930 3182,1930 3182,1841 2938,1787 2604,1875 2118,1817 1480,1863"/>
                <Baseline points="1498,1913 1534,1910 1578,1910 1623,1910 1668,1913 1713,1913 1758,1910 1802,1910 1847,1913 1892,1910 1937,1910 1981,1910 2026,1907 2071,1910 2116,1910 2161,1910 2205,1910 2250,1907 2295,1907 2340,1910 2384,1907 2429,1907 2474,1907 2519,1907 2563,1907 2608,1907 2653,1907 2698,1907 2743,1907 2787,1904 2832,1904 2877,1904 2922,1904 2966,1904 3011,1907 3056,1904 3101,1904 3146,1904 3190,1904"/>
                <TextEquiv>
                    <Unicode>Endltoh war der Samstag Abend da und</Unicode>
                </TextEquiv>
            </TextLine>
            <TextLine id="tr_1_tl_10" custom="readingOrder {index:9;}">
                <Coords points="884,2085 1504,2072 1614,2151 2829,2112 3054,2075 3057,1972 887,1999"/>
                <Baseline points="901,2068 916,2068 961,2068 1005,2068 1050,2068 1095,2068 1140,2068 1184,2068 1229,2068 1274,2068 1319,2068 1364,2068 1408,2068 1453,2068 1498,2065 1543,2068 1587,2065 1632,2065 1677,2068 1722,2068 1767,2065 1811,2065 1856,2065 1901,2068 1946,2065 1990,2065 2035,2062 2080,2062 2125,2065 2169,2062 2214,2062 2259,2062 2304,2062 2349,2062 2393,2065 2438,2062 2483,2062 2528,2062 2572,2062 2617,2062 2662,2062 2707,2059 2752,2059 2796,2062 2841,2062 2886,2059 2931,2059 2975,2056 3020,2056 3065,2056"/>
                <TextEquiv>
                    <Unicode>mit ihm neuerlich ein lenzhaftes Spriessen. Um</Unicode>
                </TextEquiv>
            </TextLine>
            <TextLine id="tr_1_tl_11" custom="readingOrder {index:10;}">
                <Coords points="884,2243 2829,2270 3327,2233 3327,2136 884,2154"/>
                <Baseline points="901,2223 913,2220 958,2220 1002,2220 1047,2223 1092,2223 1137,2223 1181,2223 1226,2223 1271,2223 1316,2223 1361,2220 1405,2220 1450,2220 1495,2220 1540,2220 1584,2223 1629,2220 1674,2220 1719,2223 1764,2220 1808,2220 1853,2220 1898,2217 1943,2220 1987,2220 2032,2220 2077,2220 2122,2217 2166,2217 2211,2217 2256,2217 2301,2217 2346,2217 2390,2217 2435,2217 2480,2217 2525,2217 2569,2217 2614,2217 2659,2217 2704,2214 2749,2214 2793,2217 2838,2217 2883,2220 2928,2217 2972,2217 3017,2214 3062,2214 3107,2214 3151,2214 3196,2211 3241,2211 3286,2208 3331,2211"/>
                <TextEquiv>
                    <Unicode>zehn Uhr Abend stieg Gabriele in den Wagen, der ste</Unicode>
                </TextEquiv>
            </TextLine>
            <TextLine id="tr_1_tl_12" custom="readingOrder {index:11;}">
                <Coords points="884,2419 3239,2373 3239,2303 3014,2267 884,2294"/>
                <Baseline points="901,2369 919,2369 964,2369 1008,2369 1053,2369 1098,2369 1143,2369 1187,2369 1232,2369 1277,2369 1322,2369 1367,2369 1411,2369 1456,2369 1501,2369 1546,2369 1590,2369 1635,2372 1680,2369 1725,2369 1770,2369 1814,2369 1859,2369 1904,2369 1949,2369 1993,2369 2038,2366 2083,2366 2128,2366 2172,2363 2217,2363 2262,2363 2307,2363 2352,2363 2396,2363 2441,2363 2486,2360 2531,2363 2575,2363 2620,2363 2665,2363 2710,2363 2754,2363 2799,2360 2844,2360 2889,2360 2934,2360 2978,2360 3023,2360 3068,2360 3113,2360 3157,2360 3202,2360 3247,2355"/>
                <TextEquiv>
                    <Unicode>zur Oper führen sollte. Ihr Gemahl hatte den Wagen</Unicode>
                </TextEquiv>
            </TextLine>
            <TextLine id="tr_1_tl_13" custom="readingOrder {index:12;}">
                <Coords points="890,2553 1741,2629 1917,2546 3133,2577 3160,2440 890,2480"/>
                <Baseline points="907,2534 931,2534 976,2531 1020,2531 1065,2531 1110,2531 1155,2531 1199,2534 1244,2534 1289,2534 1334,2531 1378,2528 1423,2531 1468,2528 1513,2528 1558,2525 1602,2525 1647,2525 1692,2525 1737,2522 1781,2525 1826,2528 1871,2525 1916,2525 1961,2525 2005,2525 2050,2525 2095,2525 2140,2525 2184,2525 2229,2525 2274,2525 2319,2525 2363,2522 2408,2522 2453,2522 2498,2522 2543,2522 2587,2522 2632,2522 2677,2525 2722,2525 2766,2522 2811,2522 2856,2519 2901,2519 2946,2519 2990,2522 3035,2522 3080,2528 3125,2528 3169,2525"/>
                <TextEquiv>
                    <Unicode>schlag geöffnet und stieg nach ihr ein. Dummkopf,</Unicode>
                </TextEquiv>
            </TextLine>
            <TextLine id="tr_1_tl_14" custom="readingOrder {index:13;}">
                <Coords points="887,2711 1532,2686 1717,2774 3188,2704 3188,2604 2960,2586 887,2598"/>
                <Baseline points="904,2683 913,2683 958,2680 1002,2680 1047,2680 1092,2680 1137,2680 1181,2680 1226,2680 1271,2680 1316,2680 1361,2683 1405,2683 1450,2683 1495,2683 1540,2680 1584,2680 1629,2680 1674,2680 1719,2680 1764,2680 1808,2680 1853,2683 1898,2677 1943,2680 1987,2683 2032,2680 2077,2680 2122,2680 2166,2680 2211,2680 2256,2680 2301,2677 2346,2677 2390,2677 2435,2674 2480,2674 2525,2677 2569,2677 2614,2674 2659,2677 2704,2677 2749,2674 2793,2674 2838,2674 2883,2671 2928,2671 2972,2671 3017,2674 3062,2674 3107,2674 3151,2671 3196,2671"/>
                <TextEquiv>
                    <Unicode>dachte sie in diesem Augenblick. So undankbar sind</Unicode>
                </TextEquiv>
            </TextLine>
            <TextLine id="tr_1_tl_15" custom="readingOrder {index:14;}">
                <Coords points="896,2896 942,2908 1045,2844 1118,2872 1173,2841 1301,2859 1419,2847 1419,2796 1346,2762 1209,2777 1133,2759 1085,2796 991,2762 930,2787 896,2777"/>
                <Baseline points="913,2841 958,2838 1002,2838 1047,2838 1092,2838 1137,2838 1181,2838 1226,2838 1271,2838 1316,2838 1361,2838 1405,2838 1426,2841"/>
                <TextEquiv>
                    <Unicode>doe Frauen.</Unicode>
                </TextEquiv>
            </TextLine>
        </TextRegion>
    </Page>
</PcGts>
