3688 4328
2963 630 3110 771 30
846 724 3201 934 te rasch den Blick fort. Ihr war es, als hätte sie
843 912 3075 1091 ihn, den Entfernten verletzt. Warum war er denn
843 1063 3361 1251 ntoht dar Er sagte es doch klar genug, dass er zu je-
850 1229 3160 1392 der Oper von Wagner gehe. Warum sass er nicht zum
843 1436 3238 1574 Beispiel da drüben in der Loge? Sie hätten einander
856 1546 3191 1712 trmerfort anschauen können und unten das Orchester
843 1740 3151 1875 hätte nur für sie weiter gespielte. Die Wogen der
840 1887 3260 2031 Musik hätten sie zusammen fortgetragen aus der Oper,
843 2028 3210 2169 aus der Stadt, aus dieser Welt. Warum war er nicht
846 2163 3251 2339 da? Was tut sie denn in dem toten langweiligen Haus
850 2358 3113 2455 ohne thnt So fuhr es ihr durch den Kopf und dazu
843 2458 3348 2630 aflang rauschend, süss, trunken die Sinne durch
856 2605 3254 2784 quellend jene gefährliche Musik voll lebensfrischer
834 2765 2549 2963 Akkorde und hetmlicher Modulationen.
1295 2950 3157 3075 Ein langer Zwischenakt kam und Gabriele
843 3063 3348 3295 starrte in den Zuschauerraum hinab, wo alles sich hin
834 3220 3166 3464 und herbewegte, wo dte Herren aufstanden und ihre
831 3395 3248 3580 Operngucker ### nach allen Seiten richteten auch auf
840 3593 3276 3728 ste! Er war nicht zu erblicken und die andern taten,
