3688 4328
3125 493 3264 668 46
997 674 3104 858 nichtstuend, mit müden Augen in ihrem Sessel.
991 813 3350 997 Zuwetlen kam Enny herein und kniete vor der Mutter
1000 1003 3131 1145 nieder. Dann spielte Gabriele mit dem kleinen
991 1128 3211 1335 Lockenköpfchen und küsste es. Sie dache, ob sie
1000 1276 3000 1472 wirklich vor ihrem Kinde erröten müsste.
1000 1445 3315 1632 Sie glaubte daran nicht.  Manahm Niemals hätte sie
1009 1570 3264 1792 sich durch diese Angst vordüsten Kind zurückhalten
1006 1760 3255 1938 lassen... Sie hätte es ebenso gern und so innig
1018 1914 3279 2071 küssen können und wäre — nebenbet noch glücklich
1024 2056 1516 2261 gewesen.
1463 2208 3338 2389 Einmal liess sie die Schneiderin kommen,
1015 2368 3321 2534 um nach ihrem Domino zusehen. Es war nichts daran
1012 2502 3288 2680 zu bemängeln. Vielleicht hier und dort eine Aen
1015 2697 3327 2864 derung - man könne ja immerhin, wenn gnädtge Frau
1030 2831 3362 2953 es wünschen. Es sein abernicht notwendig. Auch der
997 2997 3386 3080 Doktor kam noch & nmal. En fand, dass es der Patten
1024 3128 3371 3258 tin besser gehe. Eigentlich hat ihr ja nichts ge -
1021 3255 3235 3430 feält, meinte der Gemahl. Gabriele lächelte und
1012 3419 3190 3614 sagte: "Dieser plötzlich einbrechende Frühling
