3688 4344
3130 547 3277 722 34
1631 1649 3430 1815 Müde, abgespannt stand sie am nächsten
1000 1846 3349 1990 Tage auf. Als sie zum Fenstertrat und die Vorhänge
993 1987 3358 2159 leicht zurückschob, sah sie, dass es taute. Sonnen
1000 2155 3442 2290 schein lag über den Pflastersteinen und die Leute, ###
1006 2293 3333 2458 die unten vorbetgingen, hatten die Winterröche ge-
1006 2437 3374 2618 öffnet, als wenn ihnen schon zu warm wäre.. Einige
1006 2586 3380 2768 tagen VetIchenbuketts. Es war, als könnte?der Früh
1000 2771 3367 2911 ling dieses Jahr gar nicht erwarten seine geliebte
1003 2908 3517 3071 Welt ans Herz zu drücken. Gabriele selbst fühlte sich
1018 3061 3371 3246 beklommen, traurig wie ein junges Mädchen oder wie
1015 3199 3421 3358 eine alternde Frau. Auch der Spiegel schien im Zwei
1003 3327 3424 3530 fel zu sein. Sie konnte heute nicht klug werden aus
