3720 4232
3123 497 3227 706 2
908 647 2994 791 das die Briefe früher zusammengehalten hatte
911 761 3359 972 zu einem rotglühenden Streifen wurde und unter Fun -
905 939 3331 1101 ken und Asche verschwand. So löste sie stch los von
911 1098 1825 1294 alten Erinnerungen.
1322 1255 3485 1436 Und doch hatte sie ihn geliebt, aber wie eben
923 1429 3193 1595 die marmerkalten Frauen lieben. Müssen denn alle
908 1537 3150 1712 Frauen in gleicher Art lieben? Und ist es nicht
914 1702 3206 1914 herrlicher als alles andere eine anständige Frau
917 1874 2712 2049 zu bleiben? Herrlicher als alles!
1390 2034 3206 2184 Sonderbar, dass sie Ihn, dessen Briefe
926 2196 3294 2350 hier verglühen, heute nach vier Jahren das erstemal
923 2368 1739 2515 wiedersehen wird.
1310 2494 3402 2629 Gabriele stand da und sah in die Flamme. Die
929 2629 3374 2813 kleine Elly kam herein gelaufen. "Warum ist er ein -
945 2810 3123 2966 gehetzt!" rief sts, "es ist so warm draussen!"
939 2936 3405 3107 Gabriele musste lächeln, sie öffnete das Fenster und
936 3107 3350 3261 war selbst überrascht über die warme Luft, die he -
945 3270 1518 3442 reinströmte.
1298 3319 3310 3586 Es wehte so weich herein so frühlingshaft.
926 3586 3319 3758 Das Blut stieg Gabrielen ins Gesicht, Sie war noch
