3736 4312
3064 521 3199 647 49
982 671 3294 854 unten ging er. - Allein. Er war wie aus etner Ver
994 815 3300 1000 senkung aufgetaucht. Gabriele fand Ruhe genug, um
994 979 3306 1177 sich die Richtung zu merken, die Richard nahm und
985 1144 2270 1321 verliess wiederum dio Loge.
1593 1285 3250 1477 Etne Minute später stand sie hinter
1000 1468 3345 1641 ihm. Die Lichter flimmerten, der Boden wankte; sie
997 1629 3259 1791 blieb hinter ihm, sie folgte ihm. Er wandte sich
1000 1770 3265 1920 nicht um und ging gemächlich fort, als hätte ihn
1000 1920 3190 2070 nur Langwette hergetrieben, als würde ihn Lang
1000 2046 2788 2231 weile bald wieder von hierfertretben.
1468 2213 3136 2372 Den Abschluss des Saales machte ein
1000 2366 3411 2531 herrlicher Springbrunnen, von welchem kühle Tropfen
1009 2519 3411 2696 rings im Umkrets sprühten. Die Musik von der andern
1000 2690 3187 2845 Seite des Riesenraumes klang gebrochen herüber
1012 2854 3178 2989 Wundersom mischte sich darein das Rauschen des
1024 2980 3360 3139 künstlichen Wasserstrahles. Das Menschengewühl war
1012 3127 3372 3327 hier weniger dicht. Plötzlich standen sie sich Aug
1030 3265 3292 3474 in Auge gegenüber - Richard und Gabriele. Er sah
1036 3438 3363 3651 ste mit gleichgiltigen Blicken an, wie die andern.
