3688 4344
3090 658 3229 827 16
1041 774 2467 981 wieder jener feuchte Schimmer.
1482 937 3333 1112 "Kind!" Es hiess was es ja so oft bedeu
1053 1127 2547 1257 ten soll: "Allzu heftiger Mann."
1491 1201 1898 1313 Wehrein
1450 1263 3359 1411 Nachdem sie nur einander ansahen ohne zu
1044 1391 3309 1571 reden, hatten sie sich zur Quadrille aufgestellt
1035 1571 3270 1699 noch immer Arm in Arm. Er drückte den thren, da
1038 1732 3362 1844 ste mit einer letzten Bewegung befreite, um ihren
1029 1850 3362 2025 Fächer in beide Hände zu nehmen. Es war ein riest
1041 2040 3365 2170 ger Fächer aus Pfauenfedern sie brauchte entschte
1038 2147 2031 2339 den betde Hände dazu.
1482 2310 3297 2511 Jetzt erst sprach er wieder. "Also Sie
1029 2502 3253 2645 denken noch manchmal an die Zeit? Lange, lange!
1020 2627 3398 2808 Wissen Sie noch, wie wir über die Felder gingen und
1020 2805 1957 2947 Veilchen suchten! „
1426 2923 3383 3090 Sie schien nachzudenken, aber sie erinner
1023 3092 2073 3279 te sich sehr deutlich.
1530 3259 3253 3428 „Aber sagen Sie mir doch eigentlich“
1011 3413 3285 3600 flüsterte er ganz ärgerlich, warum Sie mir nicht
1002 3552 2164 3742 mehr geschrieben haben!"
