3688 4328
3247 640 3397 755 24
1030 740 3135 920 zugleich mit dem Dufte von Gardenten, den der
1008 902 3323 1066 Hauch seines Mundes zu ihr herüber wehte. All das
1024 1030 3281 1200 berauschte sie. Sie zuckte zusammen, setzte sich
1008 1188 3299 1349 nteder und der Kopf Rehards verschwand wiederum
1008 1343 3451 1541 hinter den Blumen. Sie musste sich ihn plötzlich vor
1014 1493 3366 1666 stellen, wie er das Bukett früher hätte auseinander
1024 1660 3278 1831 blegen und sie auf das Ohr küssen können. In der
993 1816 2659 1959 Einbildung fühlte sie den Kuss......
1413 1953 3372 2154 Baron Titus spragh schon wieder. Es muss
1008 2117 3299 2273 te sehr verbindlich gewesen sein, oder noch mehr.
999 2251 3360 2419 Gabriele nickte mechanisch: ja, jal Ihr fuhr jetzt
1002 2486 3351 2614 ganz etwas anderes durch den Kopf: Am Ende bin ich
999 2580 3384 2745 doch damals dumme gewesen! Wieder faßte sie heftige
984 2702 3390 2921 Blutwellen über Nacken und Hals schiessen. Sie be -
996 2873 3266 3080 rührte die Datteln nicht, die Orangen nichte, die
984 3040 3223 3235 vor ihr auf dem Teller lagen. Noch einen Moment
972 3196 3421 3375 wollte sie ihre Gedanken zügeln, sich seler zurufen:
960 3366 3305 3531 Halt ein... genug! Aber es riss sie unaufhaltsam
975 3512 3336 3677 fort in ein Gewirr verrückter, süsser Träume, dass
