3672 4232
3094 572 3176 748 9
925 715 3280 955 gegenüber stehende Paar. Man begrüsste stch freund
919 898 3332 1107 lich. Die erste Takte der CarmenquadriIle erklangen
922 1041 3332 1226 Gabriele plaiderte mit dem Baron Titus, der geist -
931 1214 3070 1381 reich, liebenswürdig und hübsch war. Manchmal
931 1372 3255 1527 während sie sprach, fixierte er ihren Nacken ohne
940 1503 3143 1689 eine Miene zu verziehen. Anfangs war es ihr un
955 1676 3243 1862 behaglich, dann aber freute sie sich ihrer Schön
949 1768 3368 2038 heit. Im Spiegel gegenüber konnte sie sich überzeug
964 1996 2379 2185 gen, dass sie herrlich aussah.
1369 2142 3325 2331 Nach der QuadrtIle promenterten die Paare
980 2279 3237 2474 im Salon. Titus mit Gabriele, Richard mit seiner
964 2446 3286 2635 Dame, einem hübschen Mädchen, das sehr lebhaft
980 2604 3338 2784 schten. Sie kamen drei, viermal ganz hart nebenein
986 2766 3395 2927 ander vorbei. Auch Richards Augen streiften mit dem
974 2890 3356 3103 Ausdrucke einer gewissen ruhigen Bemunderung thren
986 3055 3158 3237 Nacken. Hoheitsvoll schritt sie an ihm vorbei.
1451 3210 3289 3383 Der Baron war galant. Er machte Komplt
986 3374 3231 3557 mente ohne sie auszusprechen, in seinen Blicken
1004 3538 3447 3730 lag Kühnhett und Schmetchelet. Er konnte mit Frauen.
