3688 4344
3271 626 3408 813 17
1606 742 3172 962 "Ich habe Ihnen doch geschrieben.
1576 932 3479 1135 "Nun ja, aber im November hörte es plötz-
1129 1081 2249 1281 lich auf, warum denn? “
1612 1260 3032 1433 "Es musste endlich aufhören! "
1609 1409 3440 1600 "So, es musste sein, selbst nachdem toh
1123 1573 2237 1719 mich schon beschieden!"
1567 1695 2839 1906 "was reden Sie da wieder?"
1582 1874 3402 2034 Si wunderten sich gar nicht, dass sie
1117 2029 3512 2192 sich schon wieder stritten und staunten beide, dass
1120 2177 2312 2356 ste sich nicht wunderten.
1552 2326 3402 2505 "Nun ja, " sagte er "ich wollte mein Ge
1120 2463 2136 2648 schick tragen und - "
1552 2612 3494 2812 "Neben der Göttin anbetend einherwandeln",
1114 2809 1877 2949 setzte sie fort.
1570 2970 3357 3125 Sein Gestoht wurde heiter, glückselig.
1549 3098 2919 3297 “Sie haben noch meine Briefel
1558 3262 3432 3458 "Oh keine Idee", sagte sie schnell, "Ich
1111 3378 3241 3586 habe sie alle verbrannt und zwar sofort. Sie
1099 3563 1752 3735 musste lügen.
