3720 4312
3074 511 3207 651 54
1005 633 3395 907 ihn herbeisehnte. Er machte eine leichte Verbeugung
1002 826 3279 1037 vor dem Gemahle, der ihn freundlich zunickte und
999 963 3344 1204 dann den Arm Gabrtelens nahm, mit der er stoh ent
1017 1147 3338 1350 fernte. Gabriele hörte noch wie hinter ihr der Do
1005 1263 3270 1462 mino den Doktor fragte: "Wer ist denn die?" dann
1020 1480 3353 1629 fand sie sich wie verloren neben ihrem Mann in ei-
1005 1623 2848 1784 ner entfernten Ecke des Buffets sitzen.
1468 1772 3326 1947 Der Kellner schenkte Champagner ein und
1028 1908 3415 2075 thrann sagte: "Du bist abgespannt trinke ein Glas
1026 2045 3347 2229 von diesem "Heidstek", der wird Dich erfrischen.
1501 2217 2943 2408 "Ja", sagte Gabriele und trank.
1462 2354 2952 2562 "Nun, hast Du viel Intrigutert!"
1552 2527 1840 2735 "Ja.”
1465 2684 2640 2874 "Bist Du erkannt worden!"
1549 2830 2363 3020 "Ich glaube nein.
1465 2993 3377 3115 "Ich habe fast jeden Domino erkannt", b¬
1034 3160 2958 3323 merkte ihr Mann, der sehr aufgeräumt war.
1468 3294 2455 3499 "So?" sagte Gabriele.
1451 3448 3448 3683 Sie sassen noch eine Weile da, bis sie die
