3720 4312
3134 435 3280 661 55
1065 664 1509 836 hinunter.
1551 792 3259 952 "Gehen wird?" fragte plötzlich der Ge
1074 940 3247 1158 mahl indem er aufstand. "Es ist nichts mehr zu
1080 1104 3083 1298 sehen und die Geschichte wird langweilig.“
1583 1268 3313 1458 Sie erhoben sich beide zum Fortgehen.
1060 1429 3375 1595 Die Logentüre schloss sich hinter thnen, das Plät
1086 1566 3414 1750 schern des Springbrunnens, die schneidenden Klänge
1083 1732 3429 1917 des Orchesters brachen jäh ab hinter dem zugefalle
1095 1845 3476 2003 nen Schlosse. Der Logengang war leer, unten bet der
1095 1985 3432 2199 Garderobe wehte ein scharfer Luftzug von der Stras
1086 2152 3372 2336 se herein. Auch Richard nahm eben seinen Handel.
1086 2307 3473 2533 Erst als er bei der Ausgangstüre stand, gewahrte er
1101 2473 3491 2685 das Ehepaar. Er blieb wie gebannt stehen. Eben nahm
1092 2625 3438 2833 Gabriele die Maske vom Anlitz. Wieder schauten sie
1095 2824 3435 3003 sich Aug in Aug, nur einen langen Augenblick, dann
1092 2911 3455 3152 ging er. Gabriele legte den Finger auf ihre Lippen,
1101 3074 3366 3295 als geböte sie schweigen, oder als sende sie ihm
1095 3280 3461 3470 einen Kuss. Sie wusste selbst nicht, was es bedeu
1101 3423 3345 3557 ten sollte, wusste nicht, ob er es noch gesehen
