3704 4232
3205 462 3301 599 4
1300 605 3165 828 An dem retchbesetzten Buffet, an dessen
884 776 3121 1005 Schätzen man sich jetzt erlabte, ging es eben so
897 956 3217 1123 wohlgelaunt zu, wie im Ballsaal. Man machte Witze
915 1114 3267 1288 gute, schlechte, man lachte über alles. Die Delt -
912 1250 3313 1458 katessen schmeckten entzückend, nie hatte man einen
915 1427 3295 1598 besseren Rheinwein getrunken, einer exählte glück
921 1561 3354 1734 selig, dass er heute noch keiner Dame den Fächer zer
918 1706 3301 1883 brochen oder eine Tasse Kaffe über das Kleid gegos
921 1852 3239 2066 sen, es war der Ungeschickte der Gesellschaft, und
921 2023 3124 2166 man hatte ihn noch niemals so grazi###s gesehen.
1430 2103 3385 2333 Die frische Luft, die jetzt aus dem Salon
931 2342 3301 2494 hereinkam machte den jungen Mädchen eine unsinnige
937 2482 3295 2646 Freude. Und jede die es noch nötig hatte, beschloss
952 2646 3320 2805 im heurigen### Frühling die erste Liebe durchzu.
946 2786 3261 2982 machen. Die Balljünglinge waren stegesgewiss, die
949 2957 3354 3134 meisten nahmen sich vor im Laufe des Kotillons eine
943 3099 3416 3317 Frau zu erobern, in der unbewussten Hoffnung auf die
965 3261 3453 3450 freundliche Mithilfe des sonderbaren Gentus, der heut
952 3444 3295 3611 allüberall waltete. Es war der Gentus der Freude
