3704 4376
3109 596 3220 765 41
1003 762 3326 883 Auch Baron Titus fuhr in einem offenen Flacker an
1027 907 3365 1042 thr vorbet. Er hatte ein scharfes Auge und grüsste
1012 1018 3305 1208 ste. Sie dachte unwillkürlich: der muss die ver-
1015 1163 2476 1368 schleterten Damen gewohnt sein.
1458 1341 3365 1521 Den Wiesen entlang schritt manches Junge
1000 1476 3359 1669 Paar. Wie ist es nur, dachte sie. Hat der Frühling
1006 1654 3269 1798 die Liebe erfunden, oder die Liebe den Frühling?
1012 1777 3365 1967 Wie viel solche Lenze wird sie noch als Junge Frau
1006 1937 3226 2136 sehen? Sein Glück wird jedem, dachte sie weiter
1000 2094 3425 2296 und erinnerte sich an die Leute von der Ringstrasse,
997 2305 3356 2422 als hätte sie gerade nur die gemeint. Ist das ihre
1000 2437 3275 2600 Überstanden? Will das Schicksal sie mit dem biss
1003 2609 3163 2799 chen abfinden, was es ihr damals zuteil werden
988 2732 1307 2892 liess?
1440 2859 3308 3034 Betm Lusthaus stieg Gabriele aus dem Wa
1000 3031 3326 3223 gen. Kein Mensch war da. Sie blieb unter den hohen
973 3175 3287 3368 Bäumen stehen und die grosse Stille umflutete sie
970 3320 3241 3552 weich und schmeichelnd. Sie dachte an einen, der
970 3482 3329 3660 jetzt da sein könnte, ja da se in müsste. Sie blieb
