3704 4328
3039 499 3176 736 48
1543 1393 3371 1600 Um Gabriele wirrte die plaudernde, su -
995 1564 3289 1765 chende, wechselvolle Menge. Hunderte und tausende
977 1698 3255 1895 Flammen brannten über ihr. Sie fand sich bald da
1007 1865 3301 2066 bald dort, häufig genug Bekannten gegenüber. Doch
1001 2026 3411 2230 es gelüstete die Unerkannte nichtsich mit einem von
1007 2178 3359 2324 diesen zu necken. Ihr Mann schritt zu wiederholten
1001 2328 3365 2537 Malen an ihr vorüber, einmal mit einer üppigen Da
1010 2464 3237 2693 me im roten Domino und winkte ihr mit den Augen
1019 2629 3374 2848 zu, als wollte er sie ermutigen. Baron Titus stand
1028 2760 3423 2982 plötzlich dicht neben ihr und mass sie von Kopf bis
1028 2942 3471 3152 zu Fuss, als müsste er sie erkennen. Sie uandte sich
1034 3085 3444 3292 ab, nahm den Weg ther Loge zu, um von oben Richard
1028 3246 3313 3459 zu ersphen. Da starrte sie hinunter auf die Men
1037 3392 3301 3593 schenmassen. Nichts! Ein paar Minuten suchte sie
1044 3545 3222 3730 Überall mit ihrem Glase, auch in den Logen. Da
