3688 4312
2998 740 3135 895 50
965 788 3178 1020 Er war eben daran sich achtlos fortzuwenden, da
959 1023 3135 1190 fühlte er, dass sie den Blick starr auf ihn ge
953 1132 3211 1336 richtet hielt. Nun trat er näher auf ste zu, ste
956 1330 3345 1488 aber wich zurück, als wollte sie wieder dem grossen
953 1455 3284 1662 Gedränge zu. Richard jedoch hielt sich licht hinter
962 1607 3117 1787 ihr. "Sind Sie es?" fragte er. Ihr konnte kein
934 1765 3162 1918 Wort über die Lippen. “Der Brief”, flüsterte er
950 1918 3327 2115 sich zu ihrem Ohre im Vorbetgehen beugend. Sie such
947 2058 3290 2231 te ihm zu entkommen. "Wir würden beide viel verlie
937 2207 3287 2389 ren", zitierte er weiter. Sie wandte sich nicht um
941 2374 3272 2587 und er, den Kopf schüttelnd dachte, : diese ist es
928 2526 3242 2694 also nicht. Er verlor sich unter den andern, sie
922 2682 3226 2873 aber schob sich unter die Leute, fassungslos, als
928 2809 3318 3019 wäre Gott weiss was geschehen. Sie atmete auf. Sie
907 2980 3357 3187 versuchte etwas vor sich hinzureden, um zu sehen, ob
910 3129 3321 3299 ste überhaupt noch sprechen könne. Sie sah ihn wie-
913 3299 3306 3503 derum nicht weit von stch. Eben nahm ein Domino sei
904 3452 3016 3659 nen Arm und er lächelte, indem er mit der Dame
889 3634 3120 3814 weiter schritt. Wieder hatte sie den Augenblick
