3704 4216
3127 492 3227 665 5
894 684 3306 828 des Lenzes - des Lebens - der Sinnlichkett – um das
894 815 3268 1026 ganze mit einem Worte aufzuklären:es war unbegreif
888 1010 3290 1160 lich. Dies war die Phistgnomte des Balles, auf wel
900 1132 3218 1311 chem Frau Gabriele Hernn Doktor Nissmer nach vier
894 1292 3368 1477 Jahren das erstemal wiederum begegnete, an demselben
881 1446 3390 1599 Tate- da sie alle Erinnerungen an ihn verbrannt hatte.
1349 1621 3324 1797 Als sie an der Seite ihres Mannes herein
903 1747 3362 1923 trat warer der erste, den sie erblickte. Er stand in
903 1941 3334 2076 einer Ecke den gespannten Blick auf die Eintretende
897 2108 3324 2252 richtend. Er grüsste freundlich lächelnd, als hätte
894 2224 3230 2387 er sie gestern das letztemal gesehen. Sie grüsste
894 2396 3406 2565 förmlich und empfand, dass sie errötete. Erst als ihr
884 2518 3400 2707 Mann auf den Doktor zueilte und den alten langvermiss
900 2741 3365 2867 ten Behannten selbst zu seiner Frau brachte - “Schau
894 2867 3299 3017 wer wieder da ist" lächelte sie und sagte mit einer
900 2992 3281 3158 gewtssen Wärme: "Ach das freut mich! Wie lange ist
894 3152 2979 3290 es nun her, dass wir uns nichtmehr gesehen)“
1311 3306 3315 3497 „Vter Jahre, gnädige Frau“, erwiderte Rie¬
903 3440 3190 3691 ohne besondere Bewegung im Tone, doch auch nicht
