3688 4328
2982 522 3131 722 35
913 731 3119 898 threm Gesteht. Langsam kleidete sie sich an und
904 883 3258 1068 ordnete selbst ihr retches, schwarzes Haar, häufig
916 1022 3334 1195 einhaltend, vor sich hinsehend, die Hände im Schoss.
904 1180 3149 1383 Sie hätte sich damit abgefunden: Sie liebte ihn,
904 1332 3222 1496 ste machte sich keine Vorwürfe; sie fand es nicht
919 1505 3298 1659 einmal erstaunlich. Immer und immer sah sie ihn vor
904 1635 3267 1832 sich, er lag vor ihr auf den Knten, nahm thre Hand
904 1805 3207 1978 und hüsste sie; er stand hinter ihr und glitt mit
910 1936 3219 2115 seinen Fingern über ihre Haare. - Sie schloss die
892 2099 3304 2297 Augen und ihre halb geöffneten Lippen fühlten einen
901 2269 3298 2454 lechzenden, warmen Mund auf dem thren. Diese Bilder
919 2427 3252 2551 kamen und gingen. Sie sass vor einen Spiegel, müde,
904 2576 3307 2764 und seufste zuweilen. Als sie aber auf einmal einen
901 2727 3340 2873 heissen Kuss auf threm Nachen fühlte, kam es ihr doch
898 2867 3143 3055 zu, arg vor. Sie wollte dem Treiben dieses unver
907 3043 3213 3216 schämten Traums ein Ende machen und schellte ihrem
886 3164 3192 3325 Kammermädchen. So konnte es geschehen, dass Frau
895 3361 3158 3522 Gabriele, als es vom Kirchturm die Mittagsstunde
904 3501 3207 3668 schlug, in eine elegante Morgenrobe gekleidet den
