3720 4360
3112 505 3228 660 40
1023 672 3294 886 Kutscher zu: "In den Prater". Sie lehnte sich in
1040 841 3424 1031 den Grund des Wagens zurückmund freute sich drüber,
1055 1020 3359 1198 dass die Pferde so schnell und ruhig trabten. Die
1034 1192 3347 1397 Luft war mild, herrlich. Alle Leute, die ihr be -
1067 1332 3311 1519 gegneten waren guter Laune. Auf dem Ring von der
1064 1489 3228 1685 Oper bis gegen den Stadtpark zu flanterte eine
1073 1653 3398 1822 kleine Welt von eleganten, lebenslustigen Männern,
1067 1778 3261 1980 Mädchen, Frauen und gewiss waren alle verliebt.
1082 1941 3386 2119 Und die Alten, die sich unter die Jungen mischten
1082 2105 3436 2301 was hatten sie alles hinter sich. Jeder - jede von
1097 2253 3484 2429 thnen war gewiss einmal in seinem Leben glücklich,
1097 2417 3478 2607 gewiss! Das ist Menschenlos, das tat Menschenrecht,
1097 2574 2310 2758 man darf darauf bestehen.
1516 2699 3412 2871 In der grossen Allee des Praters standen
1112 2863 3285 3047 die Bäume noch kahd. Doch gab es genug Spazier
1124 3026 3418 3198 gänger und Wagen. Auch Bekannte fuhren an ihr vor
1124 3187 3478 3356 über und manche sahen sich nach der verschleierten
1109 3341 3329 3531 Dame im Wagen um, die sie nicht erkannt hatten.
