3704 4344
3094 422 3365 639 o'est eu le
2653 428 2811 623 G.C.P.
2864 482 3129 737 33
3129 614 3412 755 de l'éviter le
1353 708 3324 888 Ach wie sie froh war draussen vor der Lo
903 809 3229 1064 gentüre, dann im Wagen, wo sie so allein und unbe
894 960 1545 1133 lästigt sass.
1360 1152 3201 1335 Zu Hause angekommen verschloss sie sich
894 1275 3198 1498 in ihrem Zimmer und mit einer Haarst sondergleichen
894 1432 3324 1608 ohne nach Mantille und Spitzentuch abzulegen schloss
884 1530 3110 1829 ste das Pult auf, dessen Inhalt sie neulich ver
884 1794 3346 1955 brannt hatte. Leer war es - natürlich! Die Briefe wa-
878 1907 3406 2071 ren Asche heute, nicht wetter mehr. Sie riss das Pult
881 2033 3198 2279 so wett heraus, dass es fast zu Boden fiel, hinten
884 2175 3264 2408 im Winkel lag noch etwas — ein Blütenstiel, die Blü
866 2326 3129 2578 te längst herabgefallen. Zerfasert, den modrigen
837 2458 3078 2719 Duft gepresster Blumen durchs stille Gemach ver¬
850 2663 3327 2899 brettend, lag der Staub noch da und dort in der Lade.
837 2808 3295 3047 Sie wusste alles! Eine Pftreichblüte, die er ihr auf
840 2933 3195 3195 einem Spaziergang gegeben, nachdem er vorher einen
812 3094 1810 3292 Kuss darauf gedrückt
1259 3308 3201 3516 "Küssen Sie ihn auch", hatte er damals ge
821 3431 3264 3635 sagt. Kindtsch, ärgerlich, romantisch. Sie hatte nur
