3704 4248
3116 613 3211 845 8
931 883 3192 1089 Gabrielens Mann war bereits unstchtbar geworden.
924 1020 3202 1267 Das Spielzimmer zog ihn mächtig in sein Bereich.
927 1182 3481 1413 Plötzlich stand Gabriele allein da, sie merkte es aber
934 1321 3367 1547 nicht, da sie dem Doktor nachblickte. Er suchte sei
940 1509 3230 1712 ne Dame und führte sie mit einigen verbindlichen
940 1661 3284 1810 Bemerkungen in die Nähe des Klaviers, wo sich das
959 1779 3281 1985 vis a vis aufstellte, hatte. Man gebeugte sich mit
969 1963 3249 2160 scherzender Grandexza, Richard so t###f, dass thm
969 2125 3249 2306 sein braunes Haar in die Stirne fiel; die andern
969 2290 3367 2433 lachten, als er Mühe hatte es zurecht zu streichen.
1388 2423 3297 2595 "Ich küsse Ihnen die Hand, gnädtge Frau.
1398 2585 3059 2767 Gabriele erschrak. "Ah Herr Baron!"
1455 2728 3240 2922 "Sie sind in Gedanken. Darf man wagen,
959 2887 2751 3059 Sie zu dieser Quadrille aufzufordern!
1401 3052 3252 3240 "Gewiss Herr Baron - wo stellen wir uns
975 3230 1528 3402 gleich auf?
1417 3335 3310 3535 "Hierher, wenn es Ihnen beliebt, gnädige
975 3446 3319 3723 Frau. Unser vis a vis!“ der Baron deutete auf das
