3720 4328
3192 546 3336 683 20
1072 630 3386 826 lächelten endlich beide. Der Herr, welcher daneben
1082 811 3417 960 stand sagte geistreich: "Gibt es denn jemanden, der
1069 957 3333 1122 auf Sie böse sein kann? Und gar mein Freund, der
1051 1138 2853 1300 Doktor? "Er kannte ihn oberflächlich.
1475 1278 3367 1453 Als man zum Souper ging, war Baron Titus
1051 1437 3373 1577 wieder an ihrer Seite, nicht weit von ihr, schief
1069 1587 3414 1743 gegenüber hatte Richard Platz genommen, ein junges
1038 1740 3457 1923 Mädchen zur Seite, die sehr viel plauderte, was ihn
1054 1883 3392 2067 zu amüsteren schien. Eine Vase mit ungeheuern Blu
1047 2064 3414 2226 men stand auf dem Tische, so das Gabriele sich ein
1051 2217 3498 2363 wenig hatte neigen milssen, um Richard ins Gesicht zu
1044 2376 3389 2531 sehen. Sie tat es bereits beim Fisch das erstemal.
1044 2528 3217 2694 Baron Titus, der es merkte, lächelte ein wenig
1044 2687 3370 2818 und plauderte unbetrrt wetter über dies und jenes
1041 2831 3351 2996 Ja selbst dannoch, als er geaahrte, dass man doch
1035 2980 3289 3127 nicht auf ihn hörte. Er war ein Causeur aus Be-
1044 3136 3320 3286 geisterung, seine witzigen Aphortsmen konnten un
1032 3264 3354 3454 tergehen zwischen Gläsergehltrr oder dem Rauschen
1026 3467 3535 3647 seidener Kleider, er kümmerte sich nicht darum, hatte
