3704 4232
1334 1446 3236 1582 "Sie aber werden immer ungerührt bleiben
905 1592 3233 1741 und mich weiter lieben wie eine Göttin, die einen
905 1750 3233 1906 Sterblichen ihrer hohen Freundschaft würdigt. Sie
905 1924 3127 2036 werden sich weiter freuen an der Anbetung eines
895 2036 3317 2257 Menschen, der die Kühnheit hat nicht nur die Göttin
895 2207 3196 2369 sondern auch die Frau in Ihnen zu sehen, die ihm
908 2353 3090 2540 alles - sein Leben seine Welt, sein Glück sein
895 2493 3261 2664 Schicksal bedeuet — und Sie werden an seiner Seite
908 2695 3230 2826 wetter wandeln lächelnd, freundlich und eiskalt."
1368 2820 3230 3006 Gabriele nahm auch diesen letzten Brief
898 2969 3398 3155 und warf ihn ins Feuer. Nun verglomm mählig alles was
898 3121 3283 3255 ste noch an ihn mahnte. Sie sah die Flamme mit den
889 3283 3382 3500 Blättern spielen, sie sah, wie auch das schwarze Band,
