3688 4232
3142 602 3283 743 12
1434 697 3252 924 "Pardon, wir geraten hier in das Rauch
1010 897 3335 1038 zimmer. Im plaudern geh ich manchmal zu weit, gnä
1010 1038 2174 1232 dige Frau, es tst wahr!"
1434 1207 2908 1351 „Sien da, mein Mann, er spielt!"
1434 1327 3406 1505 Ihr Mann sass da und spielte. Er hatte ihr
1014 1508 3381 1625 den Rücken zugekehrt und mischte die Karten. Seine
1010 1692 3271 1852 Ohren waren ganz rot. Sie müsste immerfort diese
1023 1824 1689 2015 Ohren ansehen.
1474 1969 3338 2141 Sie wandte sich zum Baron: "Also meinet
1014 2098 3412 2310 halben, wenn Ihr grosser Geist nichts anderes findet
1017 2282 3338 2482 erzählen Sie weiter von - wie heisst es nur - von
1004 2445 1634 2595 Ihrer Liebe.“
1486 2598 3421 2730 “Ja recht, so nennt man das Ding und ganz
1017 2749 3378 2939 recht dass Sie sagen:,von Ihrer Liebe.“ Denn jeder
1007 2905 3467 3096 hat da seine eigene Art und Weise. Das ist der Punkt
1001 3047 3326 3219 wo auch ein Schneidergeselle originell sein kann.
1001 3237 3464 3372 Und es muss schon so sein, gnädige Frau: Jeder liebt
1014 3372 3428 3578 so wie er kann und wird so geltebt, wte er es ver -
1014 3510 1382 3692 atent."
