<?xml version="1.0" encoding="UTF-8" standalone="yes"?>
<PcGts xmlns="http://schema.primaresearch.org/PAGE/gts/pagecontent/2013-07-15" xmlns:xsi="http://www.w3.org/2001/XMLSchema-instance" xsi:schemaLocation="http://schema.primaresearch.org/PAGE/gts/pagecontent/2013-07-15 http://schema.primaresearch.org/PAGE/gts/pagecontent/2013-07-15/pagecontent.xsd">
    <Metadata>
        <Creator>prov=READ-COOP:name=TrHtr:version=2.1.0:model_id=51170:date=14_08_2023_17:43</Creator>
        <Created>2023-05-10T14:28:37.257+02:00</Created>
        <LastChange>2023-08-14T17:43:16.459+02:00</LastChange>
        <TranskribusMetadata docId="1428636" pageId="55420518" pageNr="44" tsid="132819193" status="IN_PROGRESS" userId="64420" imgUrl="https://files.transkribus.eu/Get?id=BXJKKUUAFNMMEGOZLTXOLBLC&amp;fileType=view" xmlUrl="https://files.transkribus.eu/Get?id=KGAYTQXXNEOSNCKRYSAVPFOU" imageId="44694620"/>
    </Metadata>
    <Page imageFilename="1428636_0044.jpg" imageWidth="3720" imageHeight="4376">
        <ReadingOrder>
            <OrderedGroup id="ro_1711819780039" caption="Regions reading order">
                <RegionRefIndexed index="0" regionRef="tr_1"/>
                <RegionRefIndexed index="1" regionRef="tr_2"/>
            </OrderedGroup>
        </ReadingOrder>
        <TextRegion id="tr_1" custom="readingOrder {index:0;}">
            <Coords points="1059,720 3444,720 3444,2511 1059,2511"/>
            <TextLine id="tr_1_tl_1" custom="readingOrder {index:0;}">
                <Coords points="3163,814 3181,814 3193,802 3218,820 3242,808 3279,842 3303,842 3306,671 3254,665 3236,677 3218,674 3193,686 3166,683"/>
                <Baseline points="3182,773 3223,773 3268,773 3313,770"/>
                <TextEquiv>
                    <Unicode>39</Unicode>
                </TextEquiv>
            </TextLine>
            <TextLine id="tr_1_tl_2" custom="readingOrder {index:1;}">
                <Coords points="1043,1052 3407,1006 3437,833 1046,909"/>
                <Baseline points="1059,967 1071,964 1116,964 1161,964 1205,967 1250,967 1295,967 1340,964 1385,964 1429,964 1474,961 1519,964 1564,964 1608,964 1653,958 1698,958 1743,958 1788,955 1832,955 1877,955 1922,952 1967,952 2011,952 2056,952 2101,952 2146,949 2190,949 2235,946 2280,946 2325,949 2370,946 2414,946 2459,946 2504,946 2549,946 2593,946 2638,943 2683,943 2728,940 2773,940 2817,937 2862,937 2907,934 2952,934 2996,934 3041,934 3086,934 3131,931 3176,934 3220,931 3265,931 3310,928 3355,925 3399,922 3444,922"/>
                <TextEquiv>
                    <Unicode>Frau, steigen Sie unten ein wenig aus und gehen Ste</Unicode>
                </TextEquiv>
            </TextLine>
            <TextLine id="tr_1_tl_3" custom="readingOrder {index:2;}">
                <Coords points="1052,1217 3020,1193 3355,1153 3358,982 1055,1077"/>
                <Baseline points="1071,1125 1080,1125 1125,1122 1170,1119 1214,1119 1259,1119 1304,1116 1349,1116 1393,1116 1438,1116 1483,1116 1528,1116 1573,1113 1617,1113 1662,1113 1707,1110 1752,1110 1796,1110 1841,1110 1886,1110 1931,1110 1976,1113 2020,1113 2065,1110 2110,1107 2155,1107 2199,1104 2244,1101 2289,1104 2334,1101 2379,1098 2423,1098 2468,1098 2513,1098 2558,1098 2602,1095 2647,1095 2692,1095 2737,1092 2782,1092 2826,1092 2871,1089 2916,1092 2961,1089 3005,1089 3050,1089 3095,1092 3140,1092 3184,1089 3229,1086 3274,1086 3319,1083 3364,1083"/>
                <TextEquiv>
                    <Unicode>spazieren. Bewegung, frische Luft, das ist es, was</Unicode>
                </TextEquiv>
            </TextLine>
            <TextLine id="tr_1_tl_4" custom="readingOrder {index:3;}">
                <Coords points="1046,1287 1244,1281 1275,1312 1385,1284 1647,1287 1781,1260 1784,1186 1626,1186 1525,1217 1046,1214"/>
                <Baseline points="1062,1271 1074,1271 1119,1274 1164,1271 1208,1271 1253,1271 1298,1271 1343,1271 1388,1268 1432,1268 1477,1268 1522,1268 1567,1268 1611,1265 1656,1259 1701,1253 1746,1247 1790,1244"/>
                <TextEquiv>
                    <Unicode>Ihnen manglt. “</Unicode>
                </TextEquiv>
            </TextLine>
            <TextLine id="tr_1_tl_5" custom="readingOrder {index:4;}">
                <Coords points="1409,1440 2260,1406 2474,1482 2599,1391 3099,1382 3288,1446 3315,1318 1412,1357"/>
                <Baseline points="1426,1411 1438,1414 1483,1414 1528,1414 1573,1414 1617,1411 1662,1411 1707,1411 1752,1411 1796,1408 1841,1411 1886,1408 1931,1405 1976,1405 2020,1405 2065,1405 2110,1405 2155,1405 2199,1405 2244,1405 2289,1402 2334,1399 2379,1399 2423,1399 2468,1396 2513,1393 2558,1388 2602,1388 2647,1388 2692,1388 2737,1385 2782,1385 2826,1385 2871,1382 2916,1382 2961,1379 3005,1379 3050,1382 3095,1379 3140,1379 3184,1376 3229,1376 3274,1376 3319,1370"/>
                <TextEquiv>
                    <Unicode>Du weisst was mir fehlt! dachte Gabriele</Unicode>
                </TextEquiv>
            </TextLine>
            <TextLine id="tr_1_tl_6" custom="readingOrder {index:5;}">
                <Coords points="1055,1598 1620,1574 2211,1681 2577,1589 3135,1626 3346,1571 3349,1446 1058,1531"/>
                <Baseline points="1071,1579 1074,1579 1119,1579 1164,1579 1208,1579 1253,1579 1298,1579 1343,1576 1388,1576 1432,1576 1477,1576 1522,1573 1567,1573 1611,1573 1656,1570 1701,1573 1746,1573 1790,1573 1835,1567 1880,1567 1925,1567 1970,1564 2014,1567 2059,1567 2104,1564 2149,1561 2193,1561 2238,1561 2283,1561 2328,1561 2373,1561 2417,1561 2462,1561 2507,1561 2552,1558 2596,1555 2641,1555 2686,1555 2731,1555 2776,1552 2820,1552 2865,1549 2910,1549 2955,1549 2999,1552 3044,1549 3089,1552 3134,1549 3179,1546 3223,1546 3268,1543 3313,1540 3358,1537"/>
                <TextEquiv>
                    <Unicode>und nichte. Ich werde alles tun, was Sie nützlich</Unicode>
                </TextEquiv>
            </TextLine>
            <TextLine id="tr_1_tl_7" custom="readingOrder {index:6;}">
                <Coords points="1064,1760 1125,1742 1147,1760 1223,1735 1272,1754 1336,1738 1394,1754 1461,1729 1464,1665 1400,1659 1348,1681 1305,1662 1071,1678"/>
                <Baseline points="1083,1746 1110,1740 1155,1737 1199,1734 1244,1731 1289,1731 1334,1728 1379,1731 1423,1725 1468,1716"/>
                <TextEquiv>
                    <Unicode>finden."</Unicode>
                </TextEquiv>
            </TextLine>
            <TextLine id="tr_1_tl_8" custom="readingOrder {index:7;}">
                <Coords points="1501,1964 2763,1900 2946,1946 3398,1870 3395,1787 3142,1766 1504,1815"/>
                <Baseline points="1516,1877 1525,1877 1570,1877 1614,1877 1659,1877 1704,1877 1749,1874 1793,1874 1838,1874 1883,1871 1928,1871 1973,1871 2017,1871 2062,1871 2107,1871 2152,1868 2196,1868 2241,1868 2286,1868 2331,1865 2376,1865 2420,1862 2465,1862 2510,1859 2555,1862 2599,1859 2644,1862 2689,1859 2734,1859 2779,1859 2823,1859 2868,1859 2913,1859 2958,1859 3002,1859 3047,1859 3092,1856 3137,1853 3182,1853 3226,1853 3271,1850 3316,1847 3361,1847 3405,1841"/>
                <TextEquiv>
                    <Unicode>Der gute Doktor. Er wusste recht gut was</Unicode>
                </TextEquiv>
            </TextLine>
            <TextLine id="tr_1_tl_9" custom="readingOrder {index:8;}">
                <Coords points="1071,2047 3123,2089 3361,2047 3364,1912 1074,1976"/>
                <Baseline points="1086,2038 1089,2035 1134,2038 1179,2035 1223,2038 1268,2035 1313,2032 1358,2032 1402,2032 1447,2032 1492,2032 1537,2032 1582,2032 1626,2032 1671,2032 1716,2029 1761,2026 1805,2026 1850,2026 1895,2026 1940,2026 1985,2026 2029,2023 2074,2023 2119,2020 2164,2020 2208,2020 2253,2020 2298,2017 2343,2017 2387,2017 2432,2017 2477,2014 2522,2014 2567,2014 2611,2014 2656,2014 2701,2014 2746,2011 2790,2011 2835,2011 2880,2011 2925,2011 2970,2008 3014,2008 3059,2008 3104,2005 3149,2005 3193,2005 3238,2002 3283,2002 3328,1999 3373,1999"/>
                <TextEquiv>
                    <Unicode>thr fehlte, aber es ist nichts schwerer für einen</Unicode>
                </TextEquiv>
            </TextLine>
            <TextLine id="tr_1_tl_10" custom="readingOrder {index:9;}">
                <Coords points="1046,2205 1818,2187 1989,2281 3331,2230 3334,2065 1049,2123"/>
                <Baseline points="1062,2188 1098,2188 1143,2188 1188,2188 1232,2190 1277,2188 1322,2190 1367,2188 1411,2188 1456,2188 1501,2185 1546,2185 1591,2182 1635,2182 1680,2179 1725,2179 1770,2176 1814,2179 1859,2179 1904,2179 1949,2176 1993,2176 2038,2176 2083,2176 2128,2173 2173,2173 2217,2173 2262,2173 2307,2170 2352,2170 2396,2170 2441,2167 2486,2167 2531,2164 2576,2164 2620,2164 2665,2164 2710,2164 2755,2164 2799,2161 2844,2161 2889,2158 2934,2161 2979,2158 3023,2158 3068,2158 3113,2155 3158,2155 3202,2155 3247,2152 3292,2149 3337,2140"/>
                <TextEquiv>
                    <Unicode>Arzt, als einer jungen Frau vor threm Mann zu or</Unicode>
                </TextEquiv>
            </TextLine>
            <TextLine id="tr_1_tl_11" custom="readingOrder {index:10;}">
                <Coords points="1068,2403 1693,2336 2230,2443 2467,2370 3395,2376 3416,2214 1071,2275"/>
                <Baseline points="1083,2343 1092,2343 1137,2346 1182,2343 1226,2343 1271,2340 1316,2343 1361,2340 1405,2340 1450,2340 1495,2340 1540,2337 1585,2337 1629,2334 1674,2334 1719,2334 1764,2334 1808,2331 1853,2334 1898,2334 1943,2334 1988,2331 2032,2331 2077,2328 2122,2328 2167,2325 2211,2328 2256,2328 2301,2325 2346,2325 2390,2325 2435,2322 2480,2322 2525,2322 2570,2319 2614,2319 2659,2319 2704,2319 2749,2319 2793,2316 2838,2316 2883,2313 2928,2313 2973,2313 3017,2313 3062,2313 3107,2313 3152,2313 3196,2313 3241,2310 3286,2310 3331,2307 3376,2304 3420,2304"/>
                <TextEquiv>
                    <Unicode>dinieren. Man ist gewöhnlich in Gefahr den Mann zu</Unicode>
                </TextEquiv>
            </TextLine>
            <TextLine id="tr_1_tl_12" custom="readingOrder {index:11;}">
                <Coords points="1068,2501 1214,2507 1382,2592 1409,2574 1528,2589 1559,2568 1601,2574 1604,2440 1424,2440 1385,2416 1290,2437 1174,2431 1144,2452 1116,2428 1071,2434"/>
                <Baseline points="1083,2501 1116,2498 1161,2498 1205,2495 1250,2495 1295,2495 1340,2492 1385,2495 1429,2489 1474,2492 1519,2492 1564,2489 1608,2492"/>
                <TextEquiv>
                    <Unicode>beleidigen.</Unicode>
                </TextEquiv>
            </TextLine>
        </TextRegion>
        <TextRegion id="tr_2" custom="readingOrder {index:1;}">
            <Coords points="1074,2567 3513,2567 3513,3744 1074,3744"/>
            <TextLine id="tr_2_tl_1" custom="readingOrder {index:0;}">
                <Coords points="1470,2657 2910,2681 3367,2638 3370,2519 1470,2580"/>
                <Baseline points="1486,2641 1495,2644 1540,2644 1585,2641 1629,2641 1674,2641 1719,2641 1764,2641 1808,2641 1853,2644 1898,2644 1943,2644 1988,2641 2032,2641 2077,2635 2122,2635 2167,2635 2211,2635 2256,2635 2301,2635 2346,2635 2390,2635 2435,2632 2480,2632 2525,2632 2570,2632 2614,2629 2659,2629 2704,2629 2749,2629 2793,2626 2838,2626 2883,2623 2928,2623 2973,2623 3017,2623 3062,2623 3107,2623 3152,2620 3196,2620 3241,2620 3286,2617 3331,2617 3376,2617"/>
                <TextEquiv>
                    <Unicode>Aber es geschah so. Nachmittag entfernte</Unicode>
                </TextEquiv>
            </TextLine>
            <TextLine id="tr_2_tl_2" custom="readingOrder {index:1;}">
                <Coords points="1071,2812 3413,2840 3495,2824 3495,2702 1071,2763"/>
                <Baseline points="1086,2811 1131,2811 1176,2808 1220,2805 1265,2805 1310,2805 1355,2805 1399,2802 1444,2802 1489,2802 1534,2799 1579,2799 1623,2796 1668,2796 1713,2796 1758,2796 1802,2799 1847,2796 1892,2796 1937,2796 1982,2793 2026,2793 2071,2790 2116,2790 2161,2790 2205,2787 2250,2790 2295,2790 2340,2787 2385,2790 2429,2787 2474,2787 2519,2787 2564,2784 2608,2784 2653,2784 2698,2784 2743,2782 2787,2782 2832,2782 2877,2782 2922,2782 2967,2779 3011,2779 3056,2779 3101,2776 3146,2776 3190,2776 3235,2776 3280,2776 3325,2773 3370,2770 3414,2770 3459,2767 3504,2764"/>
                <TextEquiv>
                    <Unicode>sich Gabriele vom Hause und nahm in einer etwas ent-</Unicode>
                </TextEquiv>
            </TextLine>
            <TextLine id="tr_2_tl_3" custom="readingOrder {index:2;}">
                <Coords points="1092,3041 2766,3029 3376,2977 3379,2867 1092,2901"/>
                <Baseline points="1110,2973 1146,2967 1191,2970 1235,2967 1280,2967 1325,2964 1370,2964 1414,2964 1459,2958 1504,2958 1549,2958 1593,2955 1638,2958 1683,2958 1728,2958 1773,2958 1817,2958 1862,2958 1907,2958 1952,2955 1996,2955 2041,2952 2086,2952 2131,2952 2176,2952 2220,2952 2265,2949 2310,2949 2355,2949 2399,2949 2444,2946 2489,2946 2534,2946 2579,2946 2623,2943 2668,2943 2713,2940 2758,2943 2802,2943 2847,2940 2892,2940 2937,2940 2982,2937 3026,2937 3071,2937 3116,2937 3161,2934 3205,2934 3250,2931 3295,2931 3340,2928 3384,2928"/>
                <TextEquiv>
                    <Unicode>fenten Gasse einen geschlossenen Wagen. “Küss die</Unicode>
                </TextEquiv>
            </TextLine>
            <TextLine id="tr_2_tl_4" custom="readingOrder {index:3;}">
                <Coords points="1058,3209 3224,3172 3376,3148 3379,3029 1061,3041"/>
                <Baseline points="1077,3119 1101,3119 1146,3119 1191,3119 1235,3116 1280,3116 1325,3116 1370,3116 1414,3113 1459,3113 1504,3110 1549,3107 1593,3110 1638,3107 1683,3107 1728,3107 1773,3107 1817,3107 1862,3107 1907,3104 1952,3104 1996,3104 2041,3104 2086,3104 2131,3101 2176,3101 2220,3104 2265,3104 2310,3101 2355,3098 2399,3098 2444,3098 2489,3095 2534,3095 2579,3095 2623,3095 2668,3095 2713,3095 2758,3095 2802,3092 2847,3092 2892,3089 2937,3089 2982,3086 3026,3086 3071,3086 3116,3086 3161,3086 3205,3086 3250,3086 3295,3083 3340,3083 3384,3080"/>
                <TextEquiv>
                    <Unicode>Hand", sagte der Kutscher, was Gebriele unendlich</Unicode>
                </TextEquiv>
            </TextLine>
            <TextLine id="tr_2_tl_5" custom="readingOrder {index:4;}">
                <Coords points="1071,3303 3145,3331 3416,3306 3416,3166 1071,3212"/>
                <Baseline points="1086,3274 1095,3274 1140,3274 1185,3271 1229,3271 1274,3271 1319,3268 1364,3268 1408,3268 1453,3268 1498,3265 1543,3265 1588,3262 1632,3262 1677,3262 1722,3262 1767,3265 1811,3259 1856,3262 1901,3262 1946,3259 1990,3259 2035,3259 2080,3259 2125,3256 2170,3256 2214,3256 2259,3256 2304,3256 2349,3253 2393,3253 2438,3253 2483,3253 2528,3250 2573,3250 2617,3250 2662,3250 2707,3250 2752,3250 2796,3247 2841,3247 2886,3250 2931,3247 2976,3247 3020,3247 3065,3244 3110,3244 3155,3247 3199,3247 3244,3247 3289,3244 3334,3241 3379,3241 3423,3241"/>
                <TextEquiv>
                    <Unicode>wohl berührte. Der Kutscher kannte sie nicht, sie</Unicode>
                </TextEquiv>
            </TextLine>
            <TextLine id="tr_2_tl_6" custom="readingOrder {index:5;}">
                <Coords points="1068,3434 2928,3480 3270,3437 3270,3312 1068,3355"/>
                <Baseline points="1083,3432 1128,3429 1173,3426 1217,3423 1262,3420 1307,3423 1352,3420 1396,3420 1441,3417 1486,3417 1531,3417 1576,3417 1620,3417 1665,3414 1710,3414 1755,3411 1799,3414 1844,3414 1889,3414 1934,3411 1979,3411 2023,3411 2068,3411 2113,3408 2158,3408 2202,3408 2247,3408 2292,3405 2337,3405 2382,3405 2426,3402 2471,3402 2516,3402 2561,3402 2605,3399 2650,3396 2695,3399 2740,3399 2784,3399 2829,3399 2874,3399 2919,3396 2964,3396 3008,3396 3053,3396 3098,3393 3143,3393 3187,3393 3232,3393 3277,3393"/>
                <TextEquiv>
                    <Unicode>fühlte sich frein, einsam in der grossen Stadt.</Unicode>
                </TextEquiv>
            </TextLine>
            <TextLine id="tr_2_tl_7" custom="readingOrder {index:6;}">
                <Coords points="1058,3620 3367,3581 3504,3559 3508,3468 1061,3489"/>
                <Baseline points="1074,3570 1095,3573 1140,3570 1185,3570 1229,3567 1274,3567 1319,3567 1364,3567 1408,3567 1453,3567 1498,3564 1543,3564 1588,3564 1632,3561 1677,3561 1722,3561 1767,3561 1811,3558 1856,3558 1901,3558 1946,3558 1990,3558 2035,3555 2080,3555 2125,3555 2170,3555 2214,3552 2259,3552 2304,3552 2349,3549 2393,3549 2438,3549 2483,3549 2528,3549 2573,3546 2617,3549 2662,3546 2707,3549 2752,3549 2796,3546 2841,3546 2886,3543 2931,3546 2976,3543 3020,3543 3065,3543 3110,3540 3155,3540 3199,3540 3244,3540 3289,3537 3334,3537 3379,3537 3423,3537 3468,3537 3513,3537"/>
                <TextEquiv>
                    <Unicode>Sie hätte jetzt tun könedn was sie wollte. Indem ste</Unicode>
                </TextEquiv>
            </TextLine>
            <TextLine id="tr_2_tl_8" custom="readingOrder {index:7;}">
                <Coords points="1068,3742 1272,3806 1644,3733 1992,3797 3300,3739 3242,3614 3111,3660 2992,3587 2632,3657 1068,3633"/>
                <Baseline points="1083,3734 1113,3731 1158,3734 1202,3734 1247,3734 1292,3734 1337,3731 1382,3731 1426,3731 1471,3728 1516,3725 1561,3728 1605,3728 1650,3725 1695,3725 1740,3725 1785,3722 1829,3722 1874,3722 1919,3722 1964,3719 2008,3719 2053,3719 2098,3719 2143,3719 2188,3722 2232,3719 2277,3719 2322,3716 2367,3716 2411,3716 2456,3716 2501,3716 2546,3716 2590,3719 2635,3719 2680,3716 2725,3716 2770,3716 2814,3716 2859,3716 2904,3713 2949,3713 2993,3713 3038,3713 3083,3710 3128,3710 3173,3707 3217,3707 3262,3704 3307,3704"/>
                <TextEquiv>
                    <Unicode>den Schleter über das Gesicht zog, rief sie dem</Unicode>
                </TextEquiv>
            </TextLine>
        </TextRegion>
    </Page>
</PcGts>
