3688 4360
3207 581 3357 722 14
1559 707 2782 855 "Ach so - dann natürlich!"
1530 825 3466 1020 Sie sah ihn von der Seite an. Ein stolzer
1111 1043 3478 1238 herrischer Zug lag auf seinen Lippen. Sie erschrak
1108 1138 3434 1400 denn sie fühlte plötzlich, dass sie ihn hätte küs
1102 1371 3413 1539 sen mögen. „ Im übrigen, sagte sie dann, "wie ist es
1102 1488 2287 1603 Ihnen seit dem gegangen?"
1506 1671 3375 1763 Das seitdem machte die beiden wieder zu
1099 1816 3369 1978 guten, alten Freunden. Es brauchte keine Phrasen
1091 1981 3360 2152 zwischen ihnen. Jedes empfand, dass es nah, ganz
1085 2116 2175 2217 nah bei dem andern war.
1518 2275 3251 2455 "Erinnern Sie sich noch!" fragte er.
1524 2358 3363 2620 „Sagen Sie mir nur noch eines, Herr Dok
1079 2508 3393 2706 tor, aber nicht böse sein. Sind Sie noch immer so
1082 2662 1553 2853 ein Kind?“
1509 2779 3345 3009 Alles stieg wieder in seiner Seele auf
1067 2986 3390 3163 bei diesem Worte Kind. Sie hatte es ihm einmal ge
1058 3118 3292 3301 sagt, als er zu utel verlange. Junge Frauen tun
1049 3340 3278 3516 grosse Gefühle gerne mit kleinen Worten ab. Sie
1049 3513 3325 3643 versuchen die Gefahr als Speel zu betrachten, und
1029 3649 2841 3852 weiter spielen dürfen sie ja immerhin.
