3720 4392
3119 628 3255 837 42
1007 807 3343 1038 stehen und es war ihr, als vermöchte sie ihn durch
986 998 3201 1189 die Macht des wollenden Gedankens herzuzwingen.
986 1135 3252 1311 Dann ging sie tief in den Wald hinein ohne einer
983 1311 3392 1462 Menschenseele zu begegnen. Nach einer halben Stunde
995 1477 3331 1635 stieg sie in den Wagen ein und fuhr zurück. Es be
998 1605 3210 1760 gann zu dämmern, die Allee war gänzlich einsam.
992 1760 3358 1920 Sie stellte sich plötzlich vor, dass sie in irgend
1004 1908 3240 2124 einer Fre- fremden Stadt wäre - eine Abenteuerin
1013 2069 3164 2224 eine kleine Schauspielerin - eine Grisette. Es
1007 2260 3270 2381 durchschauerte sie, es kam ihr vor, als wäre sie
992 2397 3286 2542 lange Zeit mit keinem Menschen betsammen gewesen.
1447 2527 3222 2703 Die Waldgegend nächst dem Lusthaus er
995 2691 3228 2840 schten ihr wie eine jenes Landschaften, die man
1004 2858 3358 3043 im Traume zu sehen pflegt. Wohl möglich dachte sie
1004 2982 3437 3158 dass die Einsamkeit wahnstnnig macht. Jetzt rasselte
995 3122 3131 3349 der Wagen über das Strassenplaster, rechts und
989 3304 3407 3446 links brannten die Laternen. Es hatte sie schon ein
992 3434 3383 3653 wenig gefröstelt. Jetzt in der Mitte der Stadt wur
986 3610 3364 3786 de ihr fast schwill. Sie musste aus dem Wagen stet
