3720 4312
3040 577 3162 725 57
1766 1496 3413 1709 Es war eine Nacht wie die früheren.
1029 1671 3360 1952 Kein Schlaf kam über Gabriele. Immer wieder hörte
1071 1789 3410 2088 sie, wie die Logentüre hinter ihr zuftel und alles
1077 1979 3236 2254 verklang: das Rauschen des Springbrunnens, das
1077 2147 3386 2390 Rauschen des Orchestera, das Glück, daß ganze Le
1106 2265 3481 2543 ben. Dann hörte sie ihn flüstem: "Wir könnten piel
1106 2437 3244 2697 verlteren.....  "Ja, ja nun war es verloren...
1567 2555 3422 2816 Am hellichten Vormittage erhob sie stch
1133 2724 3383 3040 aus einem traurigen Halbschlummer. Sie ertrug es
1145 2830 3413 3150 nicht länger, es machte sie wahnsinnig. Es trieb
1168 3040 3416 3312 sie fort. Bevor die Mittagsstunde schlug war sie
1177 3215 3380 3472 auf dem Weg zu ihm. Sie dachte nichts mehr, sie
1180 3342 3567 3664 wusste nichts mehr, sie musste zu ihm. So stand sie
