3704 4328
3028 580 3185 857 19
1374 818 2777 999 "Ja, aber- ein herziges Kind.
936 948 3363 1162 Sie begriff in demselben Momente nicht mehr, wie
945 1096 2044 1286 das hatte sagen können.
1364 1253 3218 1437 „Und Sie," erwiderte er herb, alshätte
945 1437 3296 1591 diese Art von Zärtlichkeit keine Spur von Retz für
945 1576 3299 1739 ihn, "Sie sind kokett und ich habe keine Lust mehr
933 1727 3360 1920 mich quälen zu lassen. Die Quadrille ist aus, wohin
948 1878 2004 2044 darf ich Sie führen?"
1401 2026 3444 2246 Sie war wie gelähmt. War das er? Sie setzte
948 2204 3303 2370 sich, er machte eine tiefe Verbeugung und ging ins
933 2346 3218 2518 nächste Zimmer. Zwet Minuten darauf war sie auch
948 2506 3212 2681 dort, am Arm eines Herren, der sie zur Promenade
939 2663 3306 2847 aufgefordert und stellte sich ganz nahe zu Richard
939 2813 3342 3010 der an einen Türpfesten gelehnt sich mit dem Claque
924 2976 1887 3133 Kühlung zufächelte..
2007 3025 2134 3143 G.F.P.
1361 3121 1811 3296 „Doktor!"
2297 3140 2596 3312 Aphort
1401 3266 2140 3472 „Gnädige Frau?“
1361 3414 2228 3619 „Nicht böse sein!“
1331 3592 3161 3779 Sie schauten sich fest ins Gesicht und
