3736 4312
3132 452 3272 662 55
1063 691 3249 915 Flasche geleert hatten, ohne zu sprechen, dann
1072 856 3340 1086 ging ste in ihre Loge. Das Fest verrauschte. Ga
1097 995 3383 1191 briele schwindelte es ein wenig. Sie hatte ein Ge
1092 1131 3198 1356 fühl, als wenn ihr alles im ü Traum geschehe.
1532 1290 3073 1541 "Hast Du Baron Titus gesprochen?"
1586 1535 1819 1657 "Ja."
1535 1677 2311 1779 "Herrn Wallner?"
1552 1831 1885 2015 "Nein."
1526 1865 3337 2126 Er nannte noch ein paar Namen, ste ant
1109 2135 3223 2331 wortete sie es ihr einftel mit ja oder nein.
1558 2291 2402 2487 "Doktor Niessmer?"
1561 2453 2391 2635 "Nein", sagte ste.
1583 2473 3482 2757 “Weisst Du, dass er morgen Wien auf immer
1131 2763 1629 2962 verlässt?"
1606 2814 3402 3093 Gabriele erbebte, aber sie sprach hein
1146 3087 1401 3280 Wort.
1524 3093 3505 3360 „Er geht nach Deutschland“, fuhr der Gatte
1151 3363 2990 3590 fort, "er hat eine Dozentur bekommen. "
1580 3431 3428 3692 "Schade", sagte sie und sah in den Saal
