3720 4328
3092 606 3239 753 21
1019 781 3337 989 er sie doch ausgesprochen. Er liebte den Geist um
1029 958 3328 1142 sether selbst willen, er wollte geistreich, nicht
1032 1114 3248 1289 bewundert se### Gabriele hörte seine Stimme auch
1010 1267 3380 1451 nicht anders, wie man von einer Musik das Geräusch
1026 1463 3288 1601 vernimmt, aber nicht die Melodte. Es umplauderte
1019 1598 3328 1757 sie, aber sie wusste nicht, was er sprach, m denn
1022 1739 3337 1880 sie trämte; manchmal nippte sie von dem Glas Ehein
1029 1898 3193 2039 weln, das vor ihrem Keller stand und blinzelte
1022 2048 3416 2216 durchs Buhet, hinter dem der Kopf Richards zum Teil
1029 2213 3230 2360 sichtbar war. Auch sagte ste ja oder nein, oder
1019 2388 3377 2538 lächelte, was auch eine Erwidderung oder Meinung zu
1019 2504 3181 2706 bedeuten hatte. Auch schaute sie thren Nachbar
1007 2669 3337 2847 manchmal mit Augen an, in denen etwas wie Aufmerk
1013 2832 3392 2988 samkeit liegen sollte. Aber eigentlich träumte ste.
998 2969 3377 3171 Sie versuchte darauf zu kommen, wann er das letzte
1004 3129 3321 3321 mal von Liebe zu ihr gesprochen. Wann war es nur?
992 3279 3447 3426 Ach ja an demselben Tage, an dem er ihr Jenes Brief-
1007 3475 3288 3625 chen in die Hand gedrückt. Ohne, wenn es ihr Mann
1004 3597 3321 3799 damals gesehen hätte. Wie glücklich ist sie, dass
