3688 4232
3126 410 3252 601 11
882 595 3246 758 Frauen sogar in Dur und Moll-Frauen ein, tragrossen
891 721 3212 912 ganzen, je nach der Weise des Liedes, auf das sie
888 906 3230 1079 rascher eingingen, ein Theorem, das er nach et nem
882 1039 3252 1251 Ball, bei einem Glase Cognac gern vorzutragen pleg
891 1245 1057 1375 te.
1325 1350 3178 1526 VorGabrielen sang er in Moll und da sie
888 1510 3215 1674 manchmal ein Wort darin warf, glaubte er sich ver
885 1674 3169 1840 standen, gewürdigt, gerne gehört. Sie liess sich
891 1868 3286 2007 aber eigentlich nur untemalten, das war allesund er
888 1970 3261 2152 gehörte heute zu dem Ganzen, wie der Frühling, die
900 2139 3369 2327 Walzer, der Wein, die gute Baune -er freute sie auch
891 2318 3218 2460 und der Atem des Lebens wehte ihr entgegen aus al
885 2454 1655 2626 lem — aus allem.
1390 2605 3289 2762 Endlich aber sagte sie: "Immer Liebe, im
885 2737 3255 2907 mer Liebe! Wollen wir nicht doch endlich von etwas
891 2879 1862 3092 Geschetterem reden?"
1310 3024 3073 3230 "von etwas Dümmerem, wenn es beliebt"
891 3209 3363 3382 sagte Titus, "und æwar von etwas viel Dümnerem, denn
891 3369 2318 3542 alles andere ist viel dümmer.“
1319 3579 2842 3761 "Ja wohin führen Sie mich denn!"
