3688 4344
2898 540 3050 686 33
817 752 3119 944 gelächelt und die Blüte in ihren Gürtel gesteckt.
820 876 3137 1053 Sie war diesem verwelkten Stiele noch einen Kuss
832 1056 3243 1236 schuldig. Wie eine Verrückte presste sie ihn an die
823 1221 3293 1388 Lippen und kniete so auf dem Boden mit geschlossenen
814 1364 3196 1528 Augen, noch immer umtönt von den Nachklängen jener
832 1538 1752 1718 gefährlichen Musik.
1345 1646 3265 1817 Dann stand sie, den Blütenstiel n och in
848 1789 3342 1985 der Hand, auf und lehnte sich auf ihr Sofa. Ein Licht
854 1985 3252 2134 brannte auf dem Nachttisch. Sie löschte es aus, nur
854 2128 3249 2305 das Feuer des Hamins prasselte zu ihren Füssenn und
864 2261 3212 2466 eine glühende Kohle fiel zischend aus dem Leuchter
864 2463 3262 2603 heraus auf den dunkeln Boden. Diese Kohle ztschelte
867 2597 3165 2737 ein ganz vernehmliches Wort: Nürrin! und Gabrtele
857 2761 3190 2945 dachte darüber nach wie leichtsinnig man als Vier
860 2895 3321 3078 undwansigjährige mit seinem Glücke umgeht, als wenn
860 3069 3010 3246 das Leben ewig -als wenn man ewig jung wäre!
