3704 4328
3234 666 3389 861 25
1071 831 1847 1025 sie erschauerte.
1515 1031 3481 1193 Die Teller klapperten, die Gläser klangen.
1050 1162 3456 1327 die letzten tönenden Akkorde des Festahles, während
1050 1333 3374 1500 sie dasass mit halbgeschlossenen Augen, aus denen
1050 1488 3414 1664 es hervorleuchtete wie aus einem dämmertg bewegten
1022 1646 3307 1795 Meere. Richard knackte seiner Dame Nüsse auf und
1025 1783 3386 1932 dachte dabei an die andre, die drüben sass. Plötz
1010 1905 3371 2087 lich erhob sich alles, man drückte sich die Hände,
1019 2087 3277 2276 die Herren reichten ihren Nachbartnnen den Arm,
1007 2261 3447 2385 man strömte herbei, auseinander, man drängte und ver-
1007 2388 1451 2580 lor sich.
1418 2531 3398 2690 Zigarren wurden hereingebracht, Titus zün
998 2702 3441 2857 dete sich eine Eigarette aus seiner eigenen Krokodil
992 2860 3429 3036 ledertasche an, was vielen Herren ostentattu vorkam.
2197 2957 2492 3073 den Eure
968 3030 3347 3185 Dann bot er Frau Gabriele und führte sie unter het
977 3146 3371 3322 terem Reden in ein anderes Gemach... Es war wieder
977 3307 3389 3487 aus. - Da kam er - Richard, ihr entgegen und küsste
968 3429 3362 3657 ihr dte Hand. Ihr war es, als müsste er jetzt alles
949 3630 3362 3827 mit ihr durchträumt haben. Er sagte was von Ciga -
