3688 4264
3039 647 3190 813 25
1448 750 3063 925 Das "Kind" brachte ihn damals auf
1049 931 3399 1073 oh wie genau er stch dessen besann. Er sass ihr ge
1055 1086 3393 1252 genüber in dem Salon ihres Landhauses, ein heisser
1040 1225 3353 1376 Sommernachmittag war es; durch die herabgesenkten
1031 1391 3393 1521 Rouleaux stahl sich die späte Sonne und etne Btene
1043 1557 3353 1733 summte am Fensterhin und her. Er fasste ihre Hand
1037 1699 3402 1823 wurde kühn, unverschämt. Da sagte sie es thm: "Sie
1043 1829 3356 2020 sind wirklich ein Kind!" Als er darauf ganz still
1052 2008 3438 2132 und ernst wurde, fing ste an zu lächeln, ihre Augen
1037 2159 3429 2316 schwammen in einem feuchten Glanz, nie früher hatte
1037 2316 3317 2479 er sie so gesehen. Eine heisse, wilde Röte xxxxx
1040 2495 3320 2628 stürmte ihr mit einemmale über die Stirne hinauf.
1025 2619 3420 2785 Sie nahm ihn bet der Hand, dann strich sie ihm über
1028 2764 3263 2954 dte Haare, küsste ihn. Das erstemal. Küssten ihn
1013 2924 3444 3093 lang, so dass er ihre Zähne auf den Lippen spürte...
1028 3093 1699 3251 das war alles.
1470 3229 3254 3411 Jedes dachte in diesem Augenblicke an
1007 3368 3387 3565 jenen Kuss und beide wussten, dass der andre daran
1025 3535 3257 3762 dach und ihm schien es, als käme in ihre Augen
