3704 4328
2984 566 3138 698 28
868 729 3329 951 Weggehen aufforderte. Im Wagen unten schloss sie die
855 914 3153 1098 Augen und drückte sich recht wieit weg von threm
886 1040 3304 1243 Gemahl in die Ecke. Die Räder rasselten lärmend über
871 1200 3261 1406 das Pflaster, die Fenster klirrten. Draussen Nacht,
871 1378 3276 1557 Einsamkeit. - Gabriele seufzte tief auf. Sie dachte
883 1544 3218 1652 sich statt ihres Gemahls einen andern in der Ecke.
858 1661 3325 1830 Nein! ganz nahe - Wange an Wange... Ihre Zähne schlu
892 1821 2972 2027 gen an einander. Sie zuckte am ganzen Körper
1350 1963 2815 2172 "Ist Dir kalt?" fragte der Mann
1298 2110 3098 2313 "Schrecklich", sagte Gabriele und grub
880 2270 2479 2470 ihre Füsse fest in die Wagendecke.
1338 2439 3233 2621 Am Tage darauf gab man den Tannhäuser.in
877 2599 3184 2787 der Oper. Gabriele bestand darauf, dass eine Loge
1966 2692 2215 2790 erhob
889 2747 3227 2956 geholt würde. Ihr Mann machte wenig Einsprache. Er
883 2898 3196 3082 ging gerne in die Oper, es war das bequemste Thea
871 3070 3276 3202 ter für ihn. Nirgends gab es soviel Anregungen zu
880 3233 3313 3402 gleich: das Publikum, die Dekoration, der Chor, das
868 3384 3279 3541 Ballett, selbst die Musik amüsterte ihn und wenn er
883 3519 3181 3707 im Foyer Bekannte traf, so versicherte er häufig:
