3704 4360
3154 659 3301 842 18
1523 742 3026 948 Er sah sie an, streng, traurig
1109 925 3248 1114 Sie konnte seinen Blick nicht ertagen. Mit zu
1112 1109 3237 1248 Boden gesenkten Augen entschuldigte sie sich.
1620 1234 3348 1414 Ich musste mich ja retten! " Dann ge
1112 1398 3348 1545 traute sie sich ihn wieder anzusehen. Aber sein
1095 1526 2240 1723 Blick war noch derselbe.
1562 1709 3473 1878 Während der ganzen Quadrille fast sprach
1106 1856 3318 2034 er keln Wort. Bei den letzten Takten sagte sie:
1581 2006 3312 2206 "Erst heute habe ich die Briefe ver-
1100 2129 1503 2323 brannt."
1512 2284 3373 2498 Wieder sah er sie ernst, fast zornig an
1086 2506 3009 2670 und fragte: "Was wollen Sie damit sagen?"
1567 2656 3443 2823 "Vorallem, Herr Doktor, verbiete ich mir
1098 2773 1723 2940 diesen Ton! “
1870 2759 1976 2932 2 e
1556 2934 3482 3112 „Oh im Verbieten, gnädige Frau, waren Sie
1084 3084 1751 3273 timmer gross.
1559 3198 3296 3410 "Aber Sie sind wirklich noch ganz der
1050 3382 1798 3573 Alte. Das Kind!
1509 3546 2028 3762 "Das Kind!"
