3720 4360
3164 434 3281 649 43
1037 643 3250 865 gen, sohtokte ihn weg und gedachte zu Fuss nach
1059 856 3204 1012 Haus zu gehen. Ihr Weg führte sie an Richards
1037 966 3305 1191 Wohnung vorbei. Vor dem Haustor blieb sie stehen
1053 1139 3213 1354 sie aXtmete tief auf und ging ins Vorhaus., wo
1059 1286 3416 1480 sie neben vielen andern Tafeln auch eine mit sei
1173 1453 1437 1539 Namen
1056 1456 3444 1625 nem fand, mit dem Zusatz zweiter Stock. Sie ging wie
1053 1613 3287 1797 der vors Haustor. Das Eckfenster war erleuchtet.
1046 1779 3453 1936 Sicher war es das seine. Ein Schatten flog über den
1053 1880 3268 2133 Fenstervorhang. Sie glaubte den Schatten seines
1046 2059 3327 2250 Kopfes zu erkennen. Wieder schritt sie ins Haßs
1080 2228 3474 2397 tor und eilte bis zum Stiegenhaus. Es war noch dun
1068 2367 3441 2582 kel. Man konnte kaun die Treppe finden. Ueber sich
1068 2520 3376 2693 hörte ste Schritte, auch gewahrte sie, wie es auf
1074 2631 3290 2831 den obern Treppen lichter wurde. Ein Junge ging
1071 2825 3407 2997 mit einer langen Fackel über die Stiege und zün -
1080 2939 3398 3182 dete die Flammen an. Gabriele dachte an nichts be
1089 3127 3339 3311 sonderes, sie sah nur diesen Jungen, wie er sein
1077 3308 3333 3471 gleichmässiges Geschäft gleichmütig verrichtete.
1077 3468 3548 3635 Endlich sah sie ihn über den Gang des soetten Stockes
