3688 4328
2870 595 3021 723 29
771 791 3047 993 "Wagner sei seine einzöge Erholung." Er liebte es
758 932 3027 1102 nämlich von sechs Uhr abends an den Erschöpften
765 1083 3066 1257 zu spielen. Leute seiner Art empfinden nicht ohne
762 1205 3211 1395 Stolz jene Müdigkeit, welche für die Welt das einzig
768 1379 3239 1562 sichtbare Zeichen ihrer getanen Arbeit abzugeben ver-
775 1568 983 1758 mag.
1218 1694 3092 1854 "Sieh doch", sagte er plötzlich, während
794 1854 3220 2028 auf der Bühne genus vergebliche Anstrengungen machte
787 2015 3169 2160 den weltflüchtigenors Tannhäuserim Hörslberg zu
794 2185 1424 2365 rückzuhalten.
1465 2282 3304 2462 Gabriele hatte schon während der ganzen
810 2442 3076 2648 Zeit den Zuschauerraum vergeblich mit threm Opern
810 2658 1575 2815 glase abgesucht.
1334 2770 2365 2960 "Wo ist er", rief sie.
1334 2896 3223 3082 "Da unten th der ersten Rethe, aber seit
813 3050 3178 3239 wann ist er den Oberleutnant!" Er sprach natürlich
816 3246 2012 3442 von jemandem ganz andern.
1247 3371 3185 3554 Gabrtele, die bei den ersten Worten ihres
836 3538 3416 3738 Gatten rasch auf die bezeichnete Stelle geschaut, wand
