3720 4328
3034 354 3152 619 45
1640 1262 3223 1457 Mitten in der schwülen Nacht, die
1011 1448 3276 1619 diesem Abend folgte, machte Gabriele Licht neben
1023 1619 3258 1778 threm Bett, sie nahm ein Buch, Papier und Blei -
1026 1752 3270 1899 stift und indem sie sich auf den heissen Polster
1026 1887 3137 2041 stützte, schrieb sie mit mühselig verstellter
1017 2043 3232 2212 Schrift: Sie müssen auf die Redoute kommen, wir
1029 2209 3379 2359 würden beide viel verlieren, wenn Sie glauben könn
1044 2332 3332 2509 ten dies sei ein Scherz! Mit diesen Zeilen-in der
1032 2515 3320 2672 Hand schlief sie ein. Morgens setzte sie die Ad -
1041 2672 3229 2834 resse darauf und liess den Brief an seinen Be-
1053 2807 3303 2969 stimmungsort befördern. Nun aber noch lange, dret
1038 2961 3406 3173 Tagel Wie kurz sind die wunschlosen Monate. Wie un
1056 3135 2565 3276 endlich eine sehnsüchtige Sunde.
1554 3238 3317 3444 Das Wetter schlug wieder um. Schnee -
1053 3444 3282 3621 flooken flogen vor Gabrtelens Fenster, sie sass
