3720 4328
3169 540 3308 674 26
1053 722 3345 901 retten und Rauchzimmer und entferinte sich rasch.
1563 871 3408 1026 Sie hatte gar nichts gesprochen und als
1056 1011 3323 1168 er weg war führte sie thre eigene Hand zum Munde
1053 1190 3414 1348 und hüsste seinen Kuss weg, den sie noch zu fühlen
1062 1345 3323 1514 glaubte. Dann stand sie noch da, die Lippen halb
1074 1457 3317 1642 geöffnet, als man drin zum Tanze aufspielte. Sie
1053 1602 3129 1769 wurde aufgefordert und tanste mit jedermann.
1433 1754 3269 1939 Champagner Jugend, Raserei stürmten ihr
1065 1918 3414 2094 durch den Kopf. Ihr Gemahl stand mit einem bretten
1050 2052 3414 2255 Lächein auf den Lippen an einem Fenster und freute
1071 2209 3427 2410 sich der Triumpfe seiner Frau. Er kam ihr eingebil
1065 2398 3463 2577 det, anmassnd, rechtlos vor. Er, Richard, war nicht
1065 2531 3372 2741 im Saale. Aber nur an! ihn dachte sie, während sie
1053 2719 3493 2877 herumwirbelte, sie dachte wiederum an damals und ihr
1053 2832 3454 3026 war es, als müsste sie damals noch ein Mädchen ge-
2996 2983 3314 3126 gewesen
1053 3002 3463 3172 wesen sein. Ihre Seele war noch nicht reif für eine
1041 3162 3166 3335 Leidenschaft voller Schmerzen und Süssigheit.
1518 3287 3375 3484 Der Klavterspteler war unermüdl ich. Ein
1056 3472 3329 3666 wogender Walzer nach den andern tönte hervor aus
