3688 4344
3044 553 3183 682 36
914 726 3270 932 Salon betrat und die Photographien und Visitharten
926 898 3230 1078 betrachtete, die auf dem Tische lagen. Der Diener
926 1022 3322 1235 kam herein, er brachte eine Karte. “Ich habe gesagt
926 1170 3270 1392 gnädige Frau seten unwohl, wie mir befohlen war. „
1482 1380 3368 1519 "Schon gut", erwiderte Gabriele und liess
923 1516 3409 1707 die Karte auf den Teller fallen ohne sie anzuschauen.
923 1655 3304 1856 Sie trat zum Fenster und sah hinaus. Sie zuckte zu
939 1785 3368 2001 sammen. Richard ging gerade vor dem Hause vorbet. Er
932 1961 3288 2158 musste aus dem Tore gekommen sein. Gabriele wandte
939 2093 3199 2322 sich um und griff nach der Karte, die der Dtener
939 2226 3288 2464 herein gebracht hatte. Jawohl es war die seine und
951 2442 2072 2634 darunter stand: p. p. c.
1358 2575 3328 2779 Schon stand sie am Fenster im Begriffe die
936 2763 3328 2955 Flügel aufzureissen, um ihn - ja ihn zurückzurufen.
926 2878 3260 3091 Doch sie hielt inne und sah ihn langsam unter den
945 3050 2640 3233 übrigen Spaztergängern verschwinden.
1352 3171 3297 3359 Es quälte sie, sie Stampfte mit dem Fusse
945 3344 3230 3526 auf den Boden auf, dann einen ersten Antriebe ge
948 3507 3313 3696 horchend, schloss sie sich in ihrem Zimmer ein und
