3688 4216
3219 604 3373 758 23
1401 696 3345 915 Sie sah ihn an und lachte. “Welch ein Un-
1038 884 1408 1029 sinn! "
1445 1004 3360 1192 Doktor Nissmer trat in diesem Augenblick
1032 1204 3391 1337 zu den beiden, welche an der Türe des Rauchzimmers
1026 1352 3434 1494 standen und begrüsste den Baron mit einer höflichen
1019 1472 1546 1685 Verbeugung.
1500 1617 3462 1823 "Meine Quadrille, gnädige Frau," sagte er.
1481 1817 3345 1943 Gabriele kam es vor, als spräche er ei
1007 1965 3286 2144 nen Befehl aus. Ja sie glaubte einen Moment lang
1001 2128 3434 2251 sich wehren zu müssen. Plötzlich kam sie zu gewusst
1013 2273 3487 2415 sein, aber es schten ihr, als wäre irgend etwas ge¬
1001 2405 3234 2609 schehen. Sie reichte dem Doktor den Arm und das
989 2535 3283 2723 Paar verabschiedete sich von Titus, der im Rauch
992 2738 3314 2895 zimmer blieb und sich zu der Spielpartie wandte,
995 2849 2313 3031 der er gemächlich zuschaute.
1426 3018 3348 3194 "Sprach er wirklich Unsinn?" fragte Rich
976 3154 1195 3333 ard.
1454 3336 3299 3539 “Gewiss, Herr Doktor, er sprach von der
958 3440 1312 3653 Liebe.“
