3704 4248
3136 637 3224 793 6
900 822 3227 1016 gleichgültig. Er sah sie dabei an, er starrte sie
900 985 2788 1151 an und ihre Blicke tauchten in einander.
1305 1154 3293 1308 Andere kamen und begrüssten Frau Gabriele
894 1276 3321 1405 und die Hausfrau, welche das neuangekommene Paar in
605 1433 3114 1615 Tonen des höchsten Entzückens willkommen hiess, sagte:
1367 1593 3265 1753 "Und wie finden Sie unsern wiedergefunde
884 1741 3350 1923 nen, verlorenen Sohn der Gesellschaft? Er sieht noch
884 1885 2061 2061 recht zivilisiert aus.
1330 2057 3318 2205 "Gnädige Frau," erwiderte Nissmer lächelnd
903 2214 3237 2352 "Sie behandeln mich, als wenn ich vom Nordpol zu -
884 2358 1759 2537 rückgekommen wäre.
1323 2515 3337 2660 "Waren Sie nicht so weit?" fragte Gabriele
1311 2681 3252 2826 "Oh im Gegenteil! Kaim, dass ich mich ein
875 2826 3246 3026 wenig aus Deutschland entfernte. Den grössten Teil
875 2998 3334 3130 der letzten Jahre verbrachte ich in Bonn, Heidelberg
866 3143 3387 3293 Königsberg, auch in Berlin; doch meist trieb ich mich
900 3252 997 3331 a
881 3284 2603 3484 auf den kleinen Universitäten herum.
1295 3466 3164 3651 "Das muss aber nicht sehr amüsant sein",
856 3604 2816 3795 meinte Gabrielens Mann, Herr August Liben.
