3720 4360
3088 606 3221 730 44
1033 837 3040 1051 schretten, dann wieder die Treppe hinunter.
1033 971 3316 1173 Die Fackel brannte ihr in die Augen, es wurde im
1048 1134 3286 1354 mer lichter um sie. Alles schwamm in Helligkeit.
1039 1291 3301 1514 Der Junge pfiff ein Liedl, im ersten Stock wurde
1066 1440 3423 1665 eine Türe geöffnet, eine Wetberstimme schallte, die
1063 1636 2464 1811 Welt war wieder laut und hell.
1517 1722 3283 1927 Ein fieberisches augen lag Gabrielen
1081 1918 3378 2102 auf der Brust. Sie floh durch die Haustüre hinaus
1087 2072 3361 2283 auf die abendliche Strasse, rasch durch alle Gas
1098 2215 3444 2414 sen, zwischen gelblichen Laternenlichtern, bis sie
1101 2328 3488 2559 zu ihrer Wohnung kam. Wie traurig, wie kalt lag das
1104 2503 3328 2731 weisse Stiegenhaus vor ihr. Das andere erscheön
1113 2645 3447 2874 vor ihr und sie sah den Jungen mit der Fackel über
1128 2800 3364 3031 die Stiege schretten, dem es stoher ganz gleich
1131 2969 3370 3191 giltig war, wer des abends zu Herrn Richard kam.
1137 3135 3328 3337 Was war es nur? Hätte ihr zum Glücke nichts ge
1143 3316 2060 3506 felt, als der Mut?
