3720 4328
2959 513 3127 769 27
788 858 1747 1054 dem hallenden Piano.
1250 959 3317 1196 Jetzt war Richard wieder zu sehen. Er stand
791 1158 2972 1323 neben threm Gemahl, eine ausgebrannteselgarette
801 1307 2943 1516 swischen den Fingern und sah sie gar nicht an
801 1450 3159 1665 Was ist sie ihm heute und was hätte sie Ihm damals
801 1595 3342 1814 sein koennen? Es war ein Gefühl von Schmerz, was jetzt
798 1747 3206 1940 Über sie kam. Ein Tanz war eben aus, sie hatte sich
807 1931 3285 2114 auf einen Sessel niedergelassen. Richard trat zu ihr
804 2079 3168 2266 ste sah ihn mit verwirrten Augen an. Er hüsste ihr
807 2203 3254 2374 die Hand und empfahl sich von ihr. Hoffentlich würde
826 2377 3311 2560 er wieder bald das Vergnügen haben. Sie konnte nichts
820 2532 3225 2738 erwidern. - Dieser Tage vielleicht in der Oper fuhr
820 2716 2497 2883 er fort, er sei grosser Wagnertaner
1279 2848 3102 3042 Nun ging er, während sie ihm mit einem
813 3010 3304 3178 verzehrenden Blick nachsah. Sie fühlte, dass sie zit -
829 3143 3228 3320 terte, sie hätte weinen mögen. Sie wusste plötzlich
813 3273 3140 3494 was sie empfand: Reue! Eine unbegreifliche Unruhe
807 3466 3228 3700 packte etc. Es war willkommen, als ihr Mann sie zum
