3704 4344
2804 596 2934 738 37.
719 760 3029 954 schrieb einen Brief an Richard, beginnehd mit den
726 871 3048 1096 Worten: verehrtester Herr Doktor! und des Inhalts,
729 1071 3096 1248 dass sie sehr bedauert habe ihn nicht empfangen zu
741 1220 3020 1423 haben, dass sie aber sicher darauf rechne... an
751 1369 3058 1550 dieser Stelle brach sie ab und warf den Brief zer
751 1489 3058 1768 knittert in den Papterkorb. Sie begann von neuem:
751 1638 3090 1885 Lieber Doktor! Seten Sie nicht böse, ich war wirk
757 1787 2880 2022 lieh unwohl. (wirklich unwohl unterstrichen)
767 1930 3318 2231 Kommen Sie gewiss vor Ihrer Abretse. Herzlich grüssend
786 2199 1787 2326 ihre Gabriele Lieben.
767 2297 3232 2506 Diesen Brief verstegelte sie und versch ihn mit sei-
789 2408 3134 2630 der Adresse. Gleich darauf zerriss sie ihn in hun
3251 2418 3372 2668 P.S.
795 2576 3086 2865 dert Stüche, die sie in den Kamin flattern liess.
783 2750 3245 2937 Dann schrieb sie keinen Brief mehr, sondern xxxlehnte
808 2833 3308 3178 sich in ihren Sessel, zurück und weinte still vor sich
799 3131 1008 3296 nin.
2497 3289 2592 3451 .4.
2310 3454 2880 3612 An den Prater
