3704 4344
2999 641 3151 808 38
1404 1456 3279 1635 Den Tag drauf ltess Herr Lieben den Dok
1003 1665 3312 1787 tor holen Seine Frau hatte wieder nicht geschla
1006 1787 3409 1930 fen, sie sah blass und leidend aus. Der Doktor-frag-
1000 1936 3449 2100 te sie aus: ob sie Huste, ob sic Appetit habe, ob es
1012 2094 3261 2258 thr vor den Augen flimmere. Der Gemahl stand da
1003 2237 2100 2419 neben und redete drein.
1386 2391 3248 2550 Gabriele hatte die deutliche Empfindung,
1021 2540 3376 2695 dass es nichts lächerlicheres gäbe,. als Gerzte und
1000 2698 1492 2905 Ehemänner
1538 2841 3279 3042 "Nun, was ordinieren Stel" fragte der
1027 3021 1793 3215 Gatte ärgerlich.
1525 3179 3364 3346 Der Doktor sah auf das Thermometer, das
1027 3334 3337 3476 auf dem Fensterkreuz hing. "Drethehn Grad" m sagte
1033 3482 3291 3668 er, "fahren Sie Nachmittg in den Prater, gnädige
1747 3729 1942 3868 1. p. d'une
