3704 4328
3101 490 3242 679 23
1481 673 3318 898 Sie schrah zusammen, denn plötzlich war
1058 859 3378 1049 Richards Kopf über der Blumenvase aufgetaucht und
1073 1043 3287 1199 sie sah ihn, wie er gross dastand, seinen Kelch
1058 1181 3266 1349 mit dem Champagner in der Hand und ihr zutrank.
1055 1331 3363 1518 Auch der Baron erhob sich, ein paar Herren in der
1052 1487 3266 1671 Nähe traten hinzu und alle stiessen mit ihr an,
1064 1644 3269 1824 indem sie riefen: “Auf Ihr Wohl, gnädige Frau.“
1052 1791 3263 1944 Es kam ihr alles so wunderschön vor, sie sagte:
1067 1947 3336 2107 “Ich danke meine Herren “ und sah nur Richard an
1064 2085 3438 2251 der trank, indem er sie mit halben Augen anschaute.
1034 2230 3447 2395 Als beide schon ihr Glas geleert, stiessen sie ganz
1052 2425 2831 2590 allein noch einmal mit den Kelchen an.
1445 2563 3423 2753 Alles um sie herum war jetzt in Unordnung.
1028 2723 3318 2885 Man trank sich zu, verneigte sich, blickte einan
1037 2855 3260 3044 der an, man ging von einem Tisch zum andern und
1028 3029 3146 3227 Richard flüsterte Gabrtelen durchs Bukett zu:
1427 3185 3489 3375 „Ich liebe den Champagner, auch wenn ich mich
1034 3309 2188 3525 an ihm berauscht habe. “
2798 3399 2903 3516 G:A:S:
1382 3471 3489 3675 Die leisen Wortevhn ihm kamen zu ihr herüber
