3736 4344
1700 413 1964 698 une
3123 568 3260 716 52
1930 616 2088 747 G.C.F.P
956 649 3220 914 thr nach. Plötzlich stand sie wiederum thun gegen
944 826 3159 1041 über. An einem kleinen Tische hatte er Platz ge
944 983 3254 1199 nommen. An seiner Seite die Dame, welche ihn früh
947 1187 3178 1345 er angesprochenste betrachtete sich diesen Domi
938 1308 3190 1502 no, der geschmackvoll, doch auffallend genug er
947 1502 3175 1627 soten. Richard plauderte fröhlich, er sah unauf
941 1642 3338 1836 hörlich auf die weissen Zähne seiner Nachbarin, die
944 1760 1988 1924 ste ihm lachend zeige.
1408 1900 3323 2143 Gabriele fuhr es durch den Stnn, dass sie
941 2109 3044 2276 in ihrem Brief nicht das Richtige gesagt habe.
923 2203 3363 2446 Nicht er, nicht betde, nur stö würde viel verlteren.
914 2386 3193 2549 Denn er!.... Aber sie, sie war die einsame, die
926 2565 3250 2732 unglückliche Frau, der Jugend, Schlönheit und jede
904 2722 3214 2898 Möglichkeit des Genusses zerann und die eine wil -
926 2886 3314 3059 tende Reue quälte, ob dieses hinschwindenden, ver
929 2980 3084 3159 störten Lebens, dessen Wesen ihr erst an einer
929 3172 3287 3287 späten Wende aufging. Sie strich um Hichards Tisch
914 3275 2977 3508 herum, kaun die Augen von dem Paare wendend.
1366 3472 3223 3681 Der junge Mann hatte sie längst bemerkt,
