3688 4248
2778 568 3192 807 3
949 779 1205 965 jung.
1407 902 3362 1091 Ein eigener Hauch voll unsäglichen Retzes
940 1085 3337 1252 lag über dem Ballfest. Man war vergnügt, manche wa
959 1268 3166 1416 ren es sogar ohne sich besonders zu amüsteren
949 1388 3349 1596 Flüchtige Bekannte lächelten sich so freundlich zu,
968 1555 3321 1706 als wären sie die besten Freunde, schlechte Tänzer
968 1725 3412 1851 tanzten besser als gewöhnlich, junge Frauen von wohl
965 1854 3422 2006 bekannter Prüderte gaben sich freier als sonst, jene
952 2025 3466 2170 neidenswerten Paare, die sich immer wieder zu treffen
965 2195 3289 2302 wissen, zwischen denen abernichts besteht als ein
971 2362 3198 2488 gewisser geheimntsvoller Magnetismus, kamen sich
965 2488 3466 2637 heute näher denn je. Und ein junger Dichter, der noch
975 2678 3390 2801 im Salon blieb, trotzdem alle gebeten waren, ihn von
971 2794 3501 2958 wegen notwendiger Lüftung zu verlassen, rief xxx am
962 2908 3337 3100 Fenster in gerührten Jamben aus: Oh Frühlingsnacht
962 3100 3293 3286 Dir beu ich meinen Gruss. Äusser einem träumenden
965 3264 3195 3422 Gewölbewächter, dem aus dem Fenster Alkohol und
962 3419 3409 3567 Bratenduft entgegenströmen mochte nahm niemand Kennt
962 3551 2428 3762 nts von der Emphase des Poeten.
