3704 4328
3133 484 3282 711 51
1027 633 3156 875 verstreichen lassen. Nun ging das Fest seinem
1021 812 3386 1018 Höhepunkt entgegen. Der Saal füllte sich, dass man
1054 974 3386 1200 sich kaum bewegen konnte. - Es war ein fanatischer
1039 1114 3440 1353 Abschied, den die Welt der Unterhaltung vom Fasching
1060 1284 3419 1523 nahm. Feurig erklägen die Tanzweisen, die vom Or-
1069 1472 3276 1669 chester aus über die wogende Menge hinfluteten.
1063 1595 3363 1822 Die Geigen sangen, die Posaunen jubelten, die In
1090 1759 3303 1956 triguen waren im Gange. Es lag über dem heissen
1081 1899 3351 2108 Saal wie ein Dunst von Abenteuern, Phantaste und
1090 2061 3363 2270 Liebe. Nur Gabriele erleübte nichts. Und wie einen
1120 2180 3455 2407 brennenden Schmerz empfand ste, dass sie zauberlos
1117 2338 3491 2568 durch diese Geheimnisse und Märchen dahin wandelte.
1117 2455 3410 2723 Unter ihrer Maske fühlte sie die Glut threr Wan -
1141 2622 3476 2897 gen, fühlte das Blut durch ihr Herz und thren Kopf
1147 2810 3410 3040 jagen. Sie schritt die Stiege empor, die dem Foy
1147 2924 3321 3174 er entgegen führte. Dann ging sie zwischen den
1150 3133 3428 3357 Tischen einher, wo die Herren in schwarzem Frack
1165 3273 3476 3491 und die Damen in ihrem Domino sassen, sich an Eis
1162 3425 3431 3655 Burgunder und Champagner labten. Manoh einer sah
