3688 4248
3065 395 3201 600 58
975 520 3184 752 tie fberschleiert in jener Hausflur, wie neulich
972 710 3148 916 und vor ihr erhob sich dämmrig die enge Treppe
966 895 3145 1067 Sie elte hinauf. Sie stand vor seiner Tür. Sie
981 981 3151 1222 beugte die Hand, um anzuklopfen. Sie vermochte
999 1213 3356 1388 es nicht. Ein letztesmal versuchte sie umzukehren.
990 1299 3374 1543 Aber wie gebannt stand sie da. Da gewährte sie nun,
1005 1442 3258 1685 wie im Zwtel toht des Treppenhauses ihr erst all
1014 1614 3404 1843 mählich das Bild deutlicher erschten, dass die Türe
1028 1804 3332 1980 nur angelehnt war, dass sie gar nicht anzuklopfen
1040 1947 3421 2137 brauchte. Sie öffnete und schloss rasch hinter sich
1028 2099 3297 2319 zu. Schwer atmend stand sie in einem dunkeln Vor
1037 2271 3166 2455 zimmer. Sie tastete weiter an die nächste Tür
1043 2426 3207 2610 klinge, die mit unheimlicher Eschheit nachgab.
1049 2556 3317 2741 Sie stand an der Schuelle seines Zimmers und sah
1073 2714 3362 2913 thn, ihn selbst vor sich. Er war von einem Sessel
1070 2874 3341 3068 aufgestanden, auf dem er eineselgarette rauchend
1082 3044 3404 3231 gesessen hatte. Ein letzter Augenblich des Grauens
1079 3187 3386 3421 kam über ste. Dann lag alles hinter ihr. Lächelnd
1100 3311 3157 3528 trat er ihr entgegen. Er sagte nur ein Wort:
