3704 4328
3087 657 3230 823 22
1055 781 3138 969 sie brav geblieben ist, denn alle Welt würde
1064 951 3212 1153 es wissen, wie die Welt überhaupt alles weiss.
1031 1132 3251 1269 Doch wie nebensächlich ist dies alles- Ehemann!
1040 1287 3352 1480 Welt! Hauptsächlich ist es die Tugend, die innere
1028 1429 1857 1604 Ruhe ja, ja.
1396 1560 3429 1744 Der Champagner wurde auf den Tisch gebracht
1040 1750 3307 1905 und Baon Titus verglich die kleinen Verhältnisse
1022 1902 3256 2104 mit den Perlen, die aufstiegen. So intim war er
1037 2068 3369 2246 bereits mit Gabriele, ohne dass diese etwas hörte.
1432 2214 3307 2380 Ja, ja die innere Ruhe. Ja was ist denn
1037 2374 3423 2502 das? Warum wird ihr denn plötzlich heiss? Oh es ist
1046 2445 1343 2549 nichts
1025 2529 3224 2677 “Noch ein Glas soll ich trinken, HerrrBß
1019 2671 3239 2885 ronf Oh nein, ich rinke nie mehr als ein halbes
1010 2799 1373 2977 Glas.
1465 2971 3456 3167 Da drüben die Kleine scheint Richard nicht
998 3129 3331 3310 übel zu gefallen. Die wievielte kann es sein, die
998 3259 3274 3438 ihm gefällt? Sie - sie war jedenfalls die erste,
1016 3462 2933 3619 er hatte es ihr ja tausendmal geschworen.
1465 3610 2855 3797 "Auf Ihr Wohl, gnädige Frau!“
